3200 5028
821 357 840 422 8

273 561 449 628 Grauertus
480 564 518 631 de
539 565 587 630 his
610 563 766 642 versibus,
790 582 870 646 quos
892 564 1057 630 emendare
1079 564 1211 643 studuit,
1234 565 1266 630 in
1292 565 1394 650 dispu-

275 665 393 729 tatione
408 666 579 732 Analecton
595 667 667 732 hist.
685 671 716 731 et
737 666 811 748 phil.
828 687 890 748 ap.
910 669 969 731 197
986 666 1026 730 ad
1041 687 1070 748 p.
1088 669 1149 732 204
1172 669 1248 733 satis
1272 670 1394 750 copiose

274 769 429 835 disseruit.
467 771 572 851 Atque
587 769 681 834 ctiam
697 768 904 835 Doederlinus
919 768 1074 834 Murrium
1089 776 1215 838 secutus
1231 790 1268 836 ex
1290 772 1394 839 codice

272 874 466 954 Erlangensi,
491 874 564 938 olim
580 872 742 951 Altorfino,
767 873 884 938 exitum
900 873 938 938 de
960 893 1022 955 quo
1038 874 1143 955 agitur
1164 874 1195 938 in
1211 875 1393 941 Lectionum

272 977 431 1041 variarum
452 975 573 1040 Triadis
596 981 735 1042 extrema
757 977 913 1058 particula
935 976 1033 1059 (edita
1048 997 1075 1042 a.
1094 977 1199 1061 1840.)
1223 979 1393 1060 exscripsit,

274 1078 330 1144 scd
349 1101 475 1142 »versos
492 1079 602 1165 eliqua
619 1089 740 1142 trintum
756 1102 793 1143 ee
811 1091 903 1164 purte
927 1085 1088 1144 emendare
1110 1079 1242 1158 studuit,
1266 1087 1394 1145 alteram

270 1193 395 1265 portem
409 1193 445 1245 ut
460 1206 480 1245 a
499 1195 596 1245 metro
621 1193 649 1244 et
671 1183 820 1247 sententia
841 1189 950 1245 misere
973 1182 1165 1247 laborantem
1181 1183 1321 1267 fideliter
1344 1191 1390 1248 de-

274 1286 438 1370 scripsisse
462 1286 542 1349 satis
565 1295 685 1348 rotas«

328 1435 330 1444 .
360 1389 503 1470 Denique
517 1387 706 1454 Ritsohelius
729 1388 777 1453 his
800 1387 942 1454 versibus
964 1390 1065 1454 lucem
1087 1389 1197 1456 afferre
1220 1391 1343 1456 studuit
1363 1393 1394 1456 in

274 1491 434 1572 Parergon
450 1491 670 1557 dissertatione
685 1493 723 1556 X.
741 1512 760 1555 a
775 1511 803 1572 p.
822 1493 882 1556 583
899 1491 983 1574 adp.
1002 1494 1077 1571 6023
1100 1495 1188 1558 cuius
1209 1495 1395 1562 sententiam

274 1592 484 1659 laudaverunt
498 1595 537 1659 H.
554 1595 795 1678 Hermannusr),
819 1597 1015 1679 Dniatzko⁶),
1038 1597 1235 1680 Brauniusll,
1259 1599 1320 1677 alii,
1343 1599 1396 1680 qui

152 1791 155 1796 Ι
273 1697 354 1761 hanc
377 1716 521 1762 scaenam
537 1699 681 1764 Terentio
705 1699 868 1781 abrogant.
904 1700 1005 1765 Aliter
1027 1708 1193 1766 senscrunt
1213 1701 1396 1784 Spengelius

276 1799 399 1880 aliique,
424 1801 478 1882 qui
501 1820 570 1865 cam
591 1807 703 1883 poetae
725 1802 891 1867 vindicant.

359 1902 506 1969 Editores
522 1907 711 1970 recentiores
727 1905 882 1987 integram
897 1907 977 1971 hanc
992 1926 1146 1990 scaenam,
1169 1907 1309 1989 plerique
1324 1927 1397 1991 sup·
1433 1957 1435 1962 .

276 2006 437 2086 positiciae
457 2008 583 2073 nomine
605 2009 797 2088 inscriptam,
819 2009 851 2072 in
874 2009 1024 2074 editiones
1048 2014 1241 2092 receperunt.

363 2109 450 2186 Quae
472 2110 513 2174 sit
534 2109 628 2176 huius
652 2111 753 2176 exitus
776 2111 924 2190 condicio,
947 2117 1054 2177 utrum
1077 2113 1220 2178 Terentio
1242 2113 1284 2178 sit
1307 2113 1397 2180 abro-

277 2210 398 2294 gandus
421 2230 461 2275 an
484 2211 697 2290 vindicandus,
722 2213 941 2279 dissertatione
962 2220 1072 2280 nostra
1093 2235 1288 2297 quaeremus.

378 2764 498 2868 Quae
531 2766 587 2848 sit
617 2767 837 2876 utriusque
870 2767 1058 2850 Andriae
1091 2769 1228 2852 exitus
1259 2770 1303 2853 in

511 3023 512 3027 Ν
602 2929 824 3012 codicibus
858 2931 1066 3013 condicio.

366 3120 411 3184 Ac
426 3119 562 3201 primum
577 3119 703 3202 quidem
723 3125 760 3185 ut
780 3120 857 3186 haec
879 3121 1021 3202 quaestio
1044 3123 1144 3203 possit
1166 3124 1329 3189 diiudicari
1351 3143 1400 3189 co-

282 3223 405 3304 gnitum
420 3228 682 3306 perspectumque
696 3223 867 3289 habeamus
889 3244 1016 3291 necesse
1037 3231 1094 3305 est,
1118 3246 1199 3308 quae
1222 3227 1263 3292 sit
1285 3228 1400 3293 utrius-

281 3346 342 3408 que
364 3325 502 3392 Andriae
524 3327 625 3392 exitus
648 3326 679 3391 in
703 3326 860 3391 codicibus
884 3328 1032 3393 condicio.

365 3430 480 3495 Exstat
507 3435 613 3495 autem
640 3429 720 3495 alter
746 3430 797 3495 ille
827 3431 929 3496 exitus
955 3431 987 3496 in
1005 3433 1096 3496 nullo
1119 3452 1227 3498 eorum
1250 3434 1399 3513 codicum,

283 3532 336 3613 qui
359 3532 399 3596 ad
415 3532 552 3598 Terentii
573 3532 695 3598 fabulas
721 3533 927 3598 recensendas
950 3553 1095 3616 magnam
1117 3536 1166 3600 vel
1189 3536 1325 3618 aliquam
1347 3537 1401 3602 ha·

281 3635 357 3699 bent
385 3635 447 3698 vim
476 3637 593 3716 quique
622 3635 662 3700 ab
683 3634 930 3717 Umpfenbachio
958 3638 990 3701 in
1019 3644 1174 3720 apparatu
1197 3640 1304 3705 critico
1327 3645 1402 3705 sunt

283 3738 442 3818 descripti:
473 3758 574 3820 neque
602 3740 634 3804 in
656 3739 806 3805 Bembino
835 3758 936 3821 neque
966 3741 998 3804 in
1027 3741 1184 3808 codicibus
1214 3744 1401 3810 recensionis

284 3839 541 3928 Calliopianae⁸);
572 3840 627 3906 sed
655 3842 687 3906 in
713 3843 850 3923 quinque
880 3843 1037 3909 codicibus
1066 3846 1166 3927 iisque
1196 3846 1402 3913 deterioribus

356 4030 378 4096 5)
397 4028 424 4081 11
442 4027 583 4082 Ritschelii
602 4030 709 4098 Parerg.
726 4030 804 4098 epim.
831 4046 857 4099 p.
870 4034 1012 4087 coe-606.

355 4115 377 4178 6)
397 4115 423 4167 11
441 4113 573 4168 Fleckais
592 4115 689 4170 annall.
720 4116 769 4170 vol.
793 4120 847 4174 113.
876 4134 930 4187 ap.
946 4123 1082 4175 aas-‘240
1101 4122 1134 4189 (a.
1157 4122 1244 4189 1876),
1263 4121 1290 4174 11
1308 4120 1402 4175 disser-

287 4199 397 4267 tatione,
419 4216 488 4268 quae
507 4200 661 4255 inscribitur
679 4203 750 4255 »Der
768 4204 880 4270 doppelts
900 4209 1023 4274 Auspuap
1041 4206 1087 4259 der
1105 4207 1233 4258 Andrias

355 4285 757 4352 7>Ωυ661111166Τ616116166
771 4288 811 4347 ed.
825 4290 843 4343 J
845 4305 885 4344 en.
899 4292 970 4348 1877.
1006 4291 1030 4358 ⁸)
1046 4291 1080 4345 cf.
1094 4291 1234 4346 Dziatzko.
1248 4291 1264 4347 1.
1278 4291 1293 4347 1.
1308 4307 1333 4360 p.
1345 4295 1403 4348 239.
