3200 5028
759 349 777 409 7

210 549 378 628 tinebatur‚
396 550 480 632 apud
495 549 578 616 viros
594 549 702 616 doctos
716 550 749 614 in
763 550 949 616 oblivionem
964 552 1113 617 venirent.
1151 555 1181 618 N
1182 556 1326 622 annullos

210 658 315 719 antem
344 653 488 719 librarios
511 654 640 719 alterius
663 654 764 719 exitus
787 672 932 719 scaenam
952 655 1076 720 novisse
1099 675 1135 720 ex
1158 676 1194 722 eo
1217 658 1327 734 elucet,

210 756 294 838 quod
307 757 339 821 in
358 756 514 822 nonnullis
538 756 695 823 codicibus
717 756 778 822 illis
800 757 993 839 temporibus
1012 795 1047 806 —
1064 760 1084 824 i.
1102 779 1127 825 e.
1151 761 1191 826 ab
1206 762 1260 826 XI.
1278 782 1329 827 us-

209 861 332 944 quoad
352 860 435 924 XIV.
459 861 618 926 saeculum
641 897 679 908 -
703 861 828 942 scriptis
851 860 969 926 tradita
991 868 1048 927 est.
1088 862 1149 928 Sed
1170 883 1329 946 perpauca

208 963 305 1030 fuisse
319 964 541 1045 manuscripta,
565 982 646 1044 quae
664 964 845 1029 memoriam
868 963 961 1028 huius
976 964 1077 1028 exitus
1100 966 1327 1048 propagabant,

209 1069 271 1133 iam
286 1087 322 1134 ex
344 1069 382 1132 iis
405 1067 494 1133 facila
516 1067 716 1148 intellegitur,
740 1085 822 1148 quae
843 1066 979 1149 scriptor
1001 1067 1114 1133 codicis
1129 1069 1328 1135 Ambrosiani

208 1171 245 1249 A,
271 1195 286 1234 e
310 1170 453 1236 adnotat:
479 1193 561 1234 »aeae
577 1169 655 1232 hauc
670 1191 816 1234 secernam
837 1193 991 1255 nusquam
1015 1171 1094 1234 alibi
1117 1173 1301 1237 uidisse...
1320 1219 1327 1236 .

207 1285 428 1360 praeterquam
452 1274 485 1335 r'o
506 1295 567 1338 uuo
589 1271 752 1359 eodemque
775 1274 981 1336 vetustissimo
1004 1272 1164 1357 codicem

294 1377 411 1454 Quare
426 1376 615 1441 mirumnon
630 1380 687 1452 est,
710 1393 749 1439 ne
772 1376 937 1455 vestigium
960 1375 1087 1456 quidem
1109 1377 1202 1442 huius
1225 1377 1326 1444 exitus

209 1485 332 1546 exstare
357 1480 390 1544 in
412 1477 569 1544 veteribus
592 1477 728 1543 Terentii
749 1477 927 1543 fabularum
949 1478 1179 1564 editionibus4);
1202 1481 1327 1562 iamque

208 1588 361 1667 perpetua
387 1581 541 1647 oblivione
568 1579 733 1646 videbatur
760 1580 894 1646 obrutus
926 1600 1008 1660 esse,
1043 1601 1113 1646 cum
1141 1584 1326 1650 Franciscus

209 1686 349 1770 Guyetus
373 1704 389 1750 e
412 1684 547 1750 tenebris
576 1702 647 1747 eum
669 1684 701 1747 in
723 1684 823 1749 lucem
846 1685 969 1749 vocavit
992 1689 1088 1766 atque
1110 1680 1326 1768 exscripsit'in
1401 1767 1403 1773 ,

209 1788 445 1856 Commentariis
468 1788 500 1851 in
516 1786 651 1851 Terentii
674 1787 858 1866 comoedias,
881 1789 935 1868 qui
955 1789 1158 1870 Argentorati
1181 1809 1208 1854 a.
1234 1792 1324 1854 1657.

208 1893 249 1958 ad
270 1891 410 1958 Boecleri
433 1890 600 1956 editionem
622 1889 840 1954 illustrandam
862 1889 1059 1970 prodierunt:
1083 1893 1114 1956 in
1137 1892 1325 1973 quibusdam

208 1994 435 2078 exemplaribus
464 1992 557 2058 buius
585 2011 715 2057 scaenae
745 2011 854 2058 versus
882 1993 954 2074 legi.
973 1994 1049 2059 dicit
1076 2000 1108 2060 et
1136 2015 1174 2060 ex
1196 1996 1325 2076 antiquo

208 2099 313 2165 codice
328 2117 347 2164 a
362 2117 395 2164 se
417 2096 570 2163 exhibitos
593 2114 662 2162 esse
683 2115 713 2178 p.
731 2096 793 2160 380
816 2103 1046 2162 commemorat.
1085 2098 1164 2161 Tum
1179 2097 1251 2162 Chr.
1269 2099 1323 2162 Th.

208 2202 247 2266 de
275 2201 366 2266 Murr
392 2202 424 2264 in
451 2198 701 2264 Memorabilium
730 2198 988 2265 bibliothecarum
1017 2200 1326 2281 Norimbergensium

207 2310 288 2386 part.
305 2304 362 2381 111,
384 2323 413 2386 p.
432 2305 470 2366 75
492 2322 529 2368 ex
550 2302 655 2368 codice
678 2303 814 2383 quodam
835 2302 998 2381 altarino,
1022 2308 1055 2367 et
1076 2323 1113 2368 ex
1136 2303 1242 2368 codice
1263 2304 1326 2369 ΕΙ)
1419 2387 1421 2390 ¹

207 2408 334 2472 neriano
350 2407 381 2470 in
396 2405 589 2471 Memorabil.
606 2411 686 2489 part.
703 2405 744 2484 II,
760 2425 789 2487 p.
809 2408 868 2471 135
888 2430 1012 2471 »aereus
1027 2430 1152 2470 scaenae
1168 2405 1322 2470 ineditae«

208 2510 383 2593 exscripsit:
406 2507 531 2590 fugerat
544 2509 642 2590 igitur
663 2527 735 2574 eum
756 2508 819 2572 iam
841 2509 963 2591 pridem
986 2509 1144 2592 Guyetum
1166 2530 1219 2576 eos
1241 2511 1324 2593 typis

208 2613 402 2680 excudendas
433 2613 600 2680 curavisse.
650 2613 677 2677 Ε
707 2612 821 2696 Guyeti
849 2614 1072 2678 commentario
1101 2614 1265 2679 transtulit
1292 2615 1324 2677 in

207 2736 297 2782 suam
326 2715 494 2782 editionem
520 2717 600 2782 hanc
629 2734 774 2781 scaenam
797 2715 1043 2794 Westerhovius,
1067 2735 1162 2797 quarn
1183 2716 1232 2782 vir
1254 2715 1326 2781 doc·

207 2826 259 2886 tus
274 2821 333 2886 vol.
350 2821 374 2899 Ι,
391 2840 420 2902 p.
438 2821 498 2885 217
515 2839 561 2901 sq.
588 2842 660 2884 »uec
675 2820 709 2882 ire
723 2843 793 2883 mea.
817 2819 908 2883 libris
931 2826 1041 2896 decere,
1065 2841 1141 2903 quoe
1164 2820 1233 2903 ipae
1256 2841 1323 2884 cou-

209 2925 352 3002 suluera'l‚
377 2945 431 2985 aee
453 2924 487 2986 ia
510 2923 736 3008 impressorum
758 2943 921 3008 quoquam,
945 2922 1059 3009 quibua
1081 2923 1129 2984 uti
1150 2924 1324 3006 corriperet,

207 3027 269 3090 aidi
281 3035 456 3111 repertam«
475 3023 618 3090 affirmat.
656 3025 705 3090 Ex
720 3023 979 3090 Westerhoviana
999 3042 1108 3089 versus
1130 3026 1325 3091 transierunt

207 3128 317 3195 deinde
343 3127 375 3194 in
397 3128 506 3192 Zeunii
533 3127 700 3193 editionem
730 3127 827 3210 (Lips.
853 3127 972 3209 1774.);
996 3146 1015 3191 a
1038 3126 1161 3210 Guyeto
1191 3127 1323 3194 Bothius

206 3250 331 3315 quoque
349 3229 468 3312 recepit
488 3229 574 3294 illem
596 3247 741 3295 scaenam
766 3230 983 3314 »appendicem
1006 3232 1168 3315 spuriam«
1193 3230 1323 3312 inscrip

206 3340 271 3400 tam
299 3335 332 3398 in
353 3335 523 3401 Poetarum
550 3334 742 3401 scenicorum
769 3335 939 3399 latinorum
961 3353 1084 3416 corpus.
1129 3334 1208 3399 Tum
1230 3333 1267 3399 G.
1283 3335 1322 3399 H.

209 3573 307 3628 Kehla‘
332 3577 381 3639 (ca.
400 3588 423 3626 a.
446 3575 520 3641 1550)
544 3537 571 3626 in
596 3572 744 3642 comoedia,
769 3587 838 3640 quae
861 3572 1015 3626 inscribitur
1035 3572 1100 3626 »Die
1118 3571 1213 3625 Hairat
1230 3573 1324 3627 Isaalis

210 3659 264 3714 und
283 3659 369 3715 sainer
386 3658 473 3713 lioban
490 3659 644 3712 Rebabba«.
676 3658 734 3726 Qua
752 3659 779 3711 in
798 3658 935 3713 comoedia
953 3663 1074 3711 extrema
1093 3658 1193 3726 scripta
1211 3657 1323 3726 legimus

207 3745 274 3799 haef*
291 3746 385 3799 V⁰¹b²³
450 3759 514 3814 ›Ibr
532 3763 604 3826 diust
621 3761 691 3814 uicbl
708 3763 798 3828 lumper
815 3773 910 3814 werten
929 3763 990 3825 luem

446 3848 530 3900 »Dare
547 3849 587 3899 ilar
603 3850 670 3900 wollt
686 3849 760 3900 selaeu
777 3866 853 3900 roomo
870 3848 925 3900 uad
942 3849 1002 3900 wie«

444 3935 509 3986 »Die
533 3932 679 3998 Wirtecbofl
690 3933 863 4000 sorlpeballeu
881 3934 962 3985 wirde

443 4021 504 4072 »Im
523 4021 615 4071 Hauc
632 4019 708 4071 driu
725 4019 806 4070 wird
823 4035 853 4070 ee
873 4018 957 4069 All’e
973 4017 1160 4081 vollsdbrm

207 4107 241 4162 cf.
260 4107 365 4173 (lance,
383 4105 472 4159 bebr-
496 4104 550 4159 und
567 4101 764 4172 Wanderjehra
787 4101 834 4156 des
852 4101 999 4157 deutschen
1017 4102 1195 4171 Schauspiels.
1232 4102 1321 4158 Berlin

207 4195 279 4248 1882.
315 4207 340 4260 p.
357 4193 412 4247 1⁷7.
514 4191 537 4257 ⁸)
555 4190 588 4244 cl.
607 4187 799 4259 Umpfenbaob.
819 4188 880 4243 edit.
898 4189 927 4242 P.
947 4189 1065 4243 Terentii
1084 4188 1201 4244 comoed.
1240 4202 1265 4255 p.
1278 4191 1321 4243 84.

204 4281 228 4347 ⁴)
247 4279 281 4333 cf.
299 4278 331 4334 G.
350 4277 495 4332 Hermann.
513 4278 540 4330 in
558 4275 698 4332 Ritscbelii
716 4276 826 4343 Parerg.
845 4276 923 4343 apim.
959 4291 985 4344 p.
999 4279 1059 4331 604.
