3200 5028
648 1227 1018 1316 EXORDIUM.

368 1450 573 1516 Terentianae
602 1448 740 1513 Andriae
768 1447 829 1513 duo
858 1452 983 1513 exstant
1009 1447 1123 1512 exitus:
1157 1468 1290 1530 quorum
1321 1451 1401 1515 alter

283 1554 407 1620 brevior
438 1553 521 1618 sicut
547 1551 655 1616 fabula
681 1552 751 1633 ipsa
779 1569 836 1634 per
864 1550 1015 1633 plurimos
1044 1550 1141 1616 libros
1170 1552 1399 1634 manuscriptos

281 1656 353 1721 inde
376 1675 395 1720 a
417 1655 553 1720 Terentii
581 1653 774 1737 temporibus
800 1653 890 1718 nobis
920 1658 970 1718 est
997 1653 1148 1732 traditus3
1176 1655 1256 1719 alter
1280 1655 1402 1736 longior

280 1779 382 1842 usque
410 1759 450 1825 ad
469 1759 523 1824 IV.
545 1779 574 1842 p.
599 1757 670 1824 Chr.
701 1777 781 1824 saec.
812 1757 928 1822 nemini
956 1756 1023 1823 viro
1046 1757 1138 1824 docto
1160 1757 1286 1824 videtur
1307 1762 1400 1824 notus

282 1863 391 1945 misse
419 1881 521 1943 neque
550 1861 631 1926 enim
653 1861 747 1925 ullius
770 1861 884 1925 veteris
908 1860 1069 1942 scriptoris
1092 1860 1270 1926 testimonio
1293 1860 1402 1928 confir-

280 1966 359 2032 mari
381 1970 486 2048 potest
507 1983 696 2047 quemquam
719 1964 877 2045 cognitum
899 1962 1047 2029 habuisse
1068 1963 1151 2028 hunc
1173 1962 1330 2047 exitum1).

367 2069 509 2133 Donatus
539 2066 663 2133 demum
694 2067 886 2132 clarissimus
912 2067 965 2132 ille
987 2069 1209 2149 grammaticus
1232 2072 1264 2133 et
1285 2067 1401 2148 rhetor,

282 2173 337 2255 qui
351 2172 404 2238 lV.
421 2191 451 2254 p.
468 2171 539 2236 Chr.
556 2189 636 2237 saec.
652 2169 768 2250 floruit,
784 2170 903 2251 primus
918 2171 1031 2236 horum
1051 2188 1199 2236 versuum
1214 2173 1402 2239 mentionem

282 2275 358 2340 lacit
370 2275 403 2340 in
425 2275 655 2341 commentariis
675 2274 707 2340 in
724 2274 926 2340 Terentianae
950 2274 1124 2340 comoedias
1146 2275 1178 2339 in
1201 2275 1403 2344 adnotatione

283 2376 324 2442 ad
346 2377 383 2455 V,
407 2379 435 2440 6.
455 2379 503 2440 14.

369 2479 447 2544 Tum
477 2481 579 2563 spatio
608 2499 661 2546 sex
683 2479 748 2545 lere
770 2481 967 2546 saeculorum
989 2481 1168 2546 intemriaso
1192 2481 1401 2565 Eugraphius,

284 2583 390 2666 quill.
407 2602 438 2664 p.
457 2581 528 2648 Chr.
545 2584 669 2649 saeculo
692 2582 807 2658 floruit,
830 2583 937 2665 paullo
959 2582 1059 2652 fusius
1082 2584 1121 2650 de
1141 2585 1200 2651 hoc
1222 2586 1308 2651 exitu
1329 2587 1402 2666 egit.

368 2686 472 2767 Atque
503 2704 573 2750 cum
599 2686 632 2750 hi
662 2686 723 2750 duo
746 2686 883 2752 Terentii
911 2691 1171 2754 commentatores
1200 2688 1257 2754 hos
1284 2708 1403 2767 versus,

285 2808 363 2871 quos
387 2789 543 2855 nonnullis
565 2789 597 2853 in
620 2788 778 2854 codicibus
800 2789 903 2854 inesse
925 2789 1079 2867 viderunt,
1104 2809 1172 2856 esse
1195 2791 1331 2856 Terentii
1353 2811 1404 2856 ne·

286 2895 405 2973 garant,
427 2889 544 2957 factum
564 2893 688 2958 videtur
710 2911 787 2970 esse,
811 2896 848 2957 ut
868 2893 1103 2974 insequentibus
1125 2895 1318 2976 temporibus
1341 2914 1405 2960 om·

286 2995 335 3060 nis
350 2993 443 3059 huius
458 2995 559 3060 exitus
574 2993 755 3078 memorial)
776 2994 969 3062 abolesceret
987 2995 1181 3079 codicesque,
1204 2998 1318 3080 quibus
1335 3016 1406 3064 con·

358 3183 380 3250 1)
399 3181 521 3236 Dubitari
534 3188 631 3250 potest,
650 3197 712 3236 num
726 3183 753 3237 G.
767 3181 899 3251 Sulpicius
912 3183 1084 3250 Apollinaris,
1103 3183 1196 3252 quill.
1214 3199 1240 3251 p.
1255 3183 1315 3237 Chr.
1335 3198 1404 3238 saec.

290 3267 430 3336 periochas
453 3268 480 3322 in
499 3267 618 3321 Terentii
639 3268 790 3322 comoedias
808 3267 971 3336 composuit,
990 3269 1095 3323 noverit
1112 3269 1183 3323 hunc
1201 3269 1315 3335 exitum,
1334 3269 1405 3338 qnod

290 3353 382 3407 volunt
401 3353 592 3408 Fleckeisenus
616 3359 643 3406 at
661 3353 811 3422 Wagnerus
834 3352 872 3421 (in
894 3352 954 3406 Ter.
976 3352 1028 3408 fab.
1053 3353 1137 3421 add.);
1161 3354 1194 3408 de
1216 3369 1270 3422 qna
1292 3369 1322 3408 re
1346 3352 1406 3408 ride

287 3438 357 3494 inira
374 3455 400 3507 p.
418 3443 458 3493 42.

356 3541 380 3609 ²)
399 3539 576 3596 confirmatur
601 3541 652 3596 hoc
675 3542 812 3597 comoedia
830 3542 921 3611 aliqua
941 3558 975 3596 ex
992 3557 1103 3597 numero
1122 3557 1229 3611 earum,
1247 3558 1317 3612 qnae
1335 3542 1406 3598 XVI.

290 3635 317 3683 et
330 3627 415 3682 XVII.
432 3629 540 3682 saeculo
560 3628 587 3681 in
601 3629 758 3682 Germaniae
776 3628 874 3683 scholis
892 3629 936 3698 agi
953 3629 1085 3683 solebant:
1104 3628 1243 3684 Cornelius
1254 3629 1406 3684 Schonaeus

290 3714 359 3768 enim
380 3714 445 3785 [nat.
467 3730 491 3767 a.
513 3718 575 3768 1141
596 3717 622 3768 in
642 3714 769 3783 oppidulo
783 3715 904 3784 ,Gonda‘,
923 3722 1000 3770 mort.
1020 3731 1043 3770 a.
1067 3719 1130 3771 1611
1149 3717 1177 3771 in
1195 3731 1265 3785 opp,
1278 3714 1407 3784 Harlem‘]

288 3793 387 3854 iisdem
406 3814 505 3868 paene,
525 3799 621 3868 quibus
638 3799 780 3854 Terentius
798 3801 826 3854 in
845 3801 934 3869 priore
953 3800 1041 3869 exitu,
1060 3802 1147 3857 verbis
1165 3803 1250 3856 utitur
1268 3801 1300 3870 (l,
1319 3816 1345 3868 p.
1364 3803 1408 3866 63)

292 3887 318 3950 in
339 3885 510 3954 peroratione
530 3887 690 3955 comoediae,
710 3902 779 3955 quae
797 3887 951 3942 inscribitur
969 3887 1109 3950 ,Juditha‘z

401 3973 524 4024 »Posthac
541 3975 707 4041 epredicartcm
725 3974 766 4026 lic
783 3975 882 4027 callum
898 3975 1027 4028 ridebitis«
1084 4035 1087 4041 ι

394 4057 535 4110 »Nomai
552 4058 627 4123 quid
645 4068 700 4125 eet,
719 4059 930 4124 quadrarint,
949 4060 1036 4111 1111111
1053 4061 1272 4127 1111πεὶ91111(

290 4142 324 4197 cf.
344 4142 480 4208 Franche,
500 4143 603 4198 Terenz
626 4144 679 4198 und
704 4143 747 4197 die
771 4143 928 4199 lateinischa
947 4143 1153 4200 Schulhombdie
1171 4144 1198 4198 in
1217 4143 1408 4212 Deutschland,

293 4226 411 4282 Weimar
432 4228 504 4282 1877.
532 4243 557 4295 p.
572 4228 659 4296 lolii.
677 4243 703 4296 p.
719 4231 774 4283 106,

361 4311 482 4372 Eundem
495 4311 609 4366 Andriae
627 4314 728 4373 exitum
747 4305 852 4373 ridetur
869 4313 933 4370 mihi
950 4314 1070 4374 imitatus
1088 4329 1147 4374 essa
1166 4314 1339 4380 ,11111111
1356 4330 1406 4369 von
