3200 5028
737 391 775 455 15

280 593 482 676 Eugraphius
509 593 548 659 de
575 593 685 660 iisdem
714 595 856 661 versibus
884 594 1016 659 adnotat
1036 594 1126 658 haee:
1163 593 1247 678 »Ape
1268 614 1316 654 me

196 699 232 762 in
248 704 309 761 tuis
324 701 477 778 amandis]
503 697 702 764 Eulortotur
719 698 879 764 Charinus
895 697 1097 784 Pamphilum
1111 707 1146 760 ut
1162 695 1317 764 ancilium

197 799 259 863 sits·
278 798 438 884 praebeat.
486 799 551 862 »Ia
574 803 771 881 secundis,
794 803 903 889 iuquit,
926 801 1044 864 rebus
1068 801 1149 863 tuis
1170 799 1317 885 respice

197 923 265 982 mo,
296 901 415 965 lobes
445 902 485 965 s'a
513 915 720 988 potestate
751 903 1003 984 Chremetem,
1032 903 1163 967 omas'o
1186 911 1319 985 potest

190 1003 339 1086 faeere
360 1002 432 1066 itte
455 1026 550 1089 quoe
573 1017 615 1070 tu
636 1005 768 1070 voles«
807 1005 891 1070 Post
913 1006 993 1072 dunc
1014 1027 1123 1068 versus
1146 1015 1318 1090 sequautur

198 1105 487 1196 contineutsse‘llom
506 1108 698 1188 senteutiam,
724 1106 984 1196 quemadmodum
998 1109 1077 1171 itum
1099 1117 1144 1170 est
1166 1105 1211 1169 od
1227 1104 1318 1169 Chre·

198 1221 322 1286 metam,
357 1209 615 1292 quemadmodum
641 1222 785 1276 esorotus
817 1209 953 1274 Charino
985 1211 1173 1296 promiserat
1200 1208 1318 1291 filiam.

200 1309 264 1376 Sed
285 1310 339 1375 Itos
362 1311 511 1377 tollendos
533 1333 598 1376 esse
619 1335 727 1376 oersru
746 1312 926 1399 persuadet,
950 1319 1032 1398 quod
1054 1313 1207 1398 sequitur:
1231 1310 1319 1390 ,Me-

75 1498 78 1504 ,
198 1415 299 1478 mini
318 1428 436 1502 atque
457 1415 554 1480 adeo
576 1422 727 1500 loupum
749 1427 809 1479 est
831 1426 1061 1502 suspectare
1084 1422 1170 1478 dam
1192 1420 1317 1479 eseot‘.

203 1515 240 1580 st
254 1524 332 1580 enim
347 1530 419 1582 octo
434 1529 506 1582 snut
520 1519 581 1583 isto
603 1526 705 1584 omnio
725 1520 759 1582 ire
775 1519 914 1604 publico,
938 1541 997 1606 quo
1019 1518 1109 1584 modo
1133 1518 1224 1604 (illud
1246 1517 1320 1583 odd.

203 1621 337 1704 Ritsch.)
354 1623 420 1686 dici
435 1633 547 1707 potest,
569 1617 703 1685 martine
725 1645 792 1686 oum
814 1634 975 1710 sequatur:
999 1645 1049 1700 ,ae
1071 1623 1319 1707 esspeetetr's,

203 1721 290 1788 dura
311 1738 452 1790 escant
473 1725 553 1788 duo:
581 1725 694 1789 intus
718 1723 1050 1812 despondebatur,
1073 1726 1186 1788 intus
1209 1737 1320 1789 troa-

203 1827 375 1912 st'petur,
397 1835 432 1890 si
452 1824 545 1914 quid
565 1838 620 1891 est
643 1833 742 1912 quod
763 1834 917 1892 restat.‘
961 1827 1046 1906 Erpo
1069 1851 1137 1892 curn
1159 1835 1320 1914 leperimas

201 1931 340 2015 primum
367 1930 482 2008 ,Tuus
511 1952 610 2014 nuno
633 1928 834 2011 Chremes,
860 1929 1070 2016 facturum
1096 1953 1194 2016 quoe
1216 1931 1320 1996 uoles

204 2034 281 2096 scio
310 2055 387 2098 esse
417 2033 562 2097 omuio‘
589 2033 733 2098 continuo
761 2034 903 2098 debemus
931 2033 1132 2120 subiuupere:
1156 2034 1320 2118 ,[Memini]

204 2148 316 2222 utque
337 2142 428 2200 odeo
443 2140 592 2220 lorcyum
612 2137 717 2200 illurn
739 2147 973 2223 suspectare,
997 2135 1079 2201 dum
1102 2137 1171 2200 leue
1194 2145 1321 2201 emeat!

204 2239 258 2303 Ito
273 2240 354 2303 oasin
367 2240 533 2325 intepretes
540 2241 602 2324 flet
616 2262 725 2305 sensus
739 2239 875 2305 sublatis
889 2241 1036 2318 uersibus,
1060 2240 1116 2324 qui
1137 2240 1223 2304 intus
1235 2251 1322 2325 qesta

204 2342 380 2404 retinebant
402 2343 616 2426 [continebant
633 2341 853 2428 &suasuris
892 2343 941 2408 Ex
962 2343 1010 2408 his
1025 2342 1199 2424 Eugraphii
1220 2342 1323 2408 verbis

205 2443 422 2528 Grauertus³¹)
438 2443 497 2509 sibi
513 2444 596 2509 usus
611 2450 660 2509 est
673 2443 732 2509 hoc
746 2461 839 2526 posse
854 2444 1008 2526 colligere,
1030 2445 1185 2512 invenisse
1199 2447 1321 2529 Eugra-

203 2548 312 2631 phium
341 2548 470 2614 alterius
499 2547 601 2614 emtus
628 2565 738 2612 versus
767 2552 839 2628 post
867 2547 1021 2613 vocabula
1049 2567 1114 2627 ,ope
1135 2571 1182 2612 me
1202 2551 1235 2612 in
1257 2551 1321 2614 tata

203 2649 349 2716 secundis
378 2652 496 2736 respice
521 2657 578 2713 me‘
599 2650 620 2713 i.
636 2670 663 2716 a
679 2655 753 2733 post
773 2670 802 2714 v.
821 2653 868 2715 11.
915 2649 976 2716 Sed
1005 2669 1117 2716 vanam
1146 2669 1214 2717 esse
1240 2651 1320 2717 hanc
1385 2683 1387 2688 ·

204 2754 433 2829 conclusionem
448 2753 674 2820 demonstravit
684 2753 882 2832 Ritschelius,
899 2753 953 2835 qui
968 2773 1006 2818 ex
1019 2755 1185 2836 postremis
1199 2755 1321 2837 Eugr'a·

203 2857 268 2940 phii
282 2857 386 2923 verbis
400 2856 645 2924 luculentissime
660 2856 821 2922 contendit
836 2875 996 2938 apparere,
1019 2857 1088 2922 illos
1104 2876 1213 2924 versus
1228 2858 1321 2924 collo·

205 2967 290 3027 catos
318 2959 415 3026 fuisse
442 2961 524 3028 inter
554 2962 592 3024 12
608 2965 641 3026 et
657 2961 695 3026 13
718 2978 843 3026 versus:
872 2979 935 3042 quo
963 2961 1029 3026 solo
1057 2963 1125 3028 loco
1154 2967 1238 3028 recte
1267 2981 1320 3030 eos

205 3065 381 3132 continuari
402 3065 553 3130 siminus
574 3063 723 3146 proximis
746 3069 780 3128 at
801 3068 887 3130 certe
908 3064 1163 3132 antecedentibus
1186 3067 1321 3151 dicit⁸¹);

202 3167 271 3250 ipse
298 3173 404 3234 autem
425 3166 560 3249 probata
579 3167 736 3234 sententia
757 3167 919 3245 Grauerti‚
943 3168 997 3250 qui
1019 3167 1097 3236 istos
1118 3188 1228 3236 versus
1249 3177 1323 3252 post

205 3291 233 3338 v.
259 3274 297 3338 12
330 3272 464 3342 insertos
496 3276 528 3338 et
561 3271 691 3338 omissos
720 3269 818 3338 lirisse
844 3271 981 3352 reliquos
1010 3272 1148 3354 quinque
1177 3273 1320 3348 Bembini

205 3393 314 3441 versus
342 3381 449 3458 putat,
478 3376 524 3442 ita
553 3396 619 3444 rem
648 3377 791 3457 instruit,
819 3382 856 3442 ut
883 3397 946 3443 non
967 3377 1069 3444 solum
1090 3378 1187 3444 verba
1208 3379 1249 3462 (v.
1268 3380 1320 3460 13)

206 3479 368 3558 ,tonpamst
396 3482 481 3546 itum
507 3503 555 3545 me
584 3489 772 3568 suspectare
801 3501 903 3564 usque
932 3483 973 3548 ad
998 3481 1091 3548 finem
1121 3481 1238 3560 deleat,
1266 3481 1322 3547 sed

206 3581 300 3648 etiam
329 3583 369 3648 ab
398 3603 434 3650 eo
462 3605 570 3664 versu,
602 3585 657 3668 qui
685 3591 735 3651 est
757 3585 812 3665 ,Te
839 3587 1051 3673 suspectuosae
1066 3609 1089 3652 e.
1105 3610 1133 3674 q.
1151 3590 1187 3651 s.‘
1209 3603 1322 3651 novam

205 3684 349 3750 ordiatur
376 3705 529 3754 scaenam.
575 3689 675 3766 Quam
704 3689 744 3754 ob
770 3707 836 3754 rem
859 3689 978 3772 aliquid
999 3690 1155 3757 adiectum
1176 3693 1322 3772 oportere

204 3792 298 3870 putat
324 3795 396 3872 post
422 3789 548 3856 Charini
576 3797 608 3857 el
629 3790 782 3874 Pamphili
804 3792 901 3858 verba
929 3792 1112 3871 ,Facturum
1139 3815 1217 3877 quoe
1239 3792 1321 3858 uoles

205 3928 245 3938 -
263 3891 468 3975 sequester,
484 3913 547 3976 quo
562 3895 706 3978 superior
719 3913 833 3961 scaena
847 3897 1084 3976 terminaretur3
1106 3896 1214 3978 itaque
1235 3893 1322 3961 addi·

205 3993 246 4060 tis
269 4013 350 4076 quae
371 3997 522 4064 excidisse
542 4003 635 4079 putat
656 3997 854 4066 scribendum
876 3999 1018 4065 coniecit:

91 4119 120 4166 v.
137 4104 186 4168 12,
211 4096 296 4162 Tuus
311 4111 357 4163 est
371 4123 453 4164 uano
468 4099 624 4165 Chremes:
641 4099 809 4186 facturum
829 4123 908 4186 quoe
929 4102 1012 4166 uoles
1035 4110 1096 4167 saio
1119 4125 1184 4166 esse
1206 4103 1319 4167 omnio.

274 4322 310 4394 ⁸¹)
326 4321 343 4374 ¹·
362 4321 379 4374 ¹·
397 4337 423 4389 1)·
438 4324 538 4390 198111·
637 4321 673 4390 ⁸²)
709 4321 816 4390 Parerg.
834 4338 860 4390 p.
872 4325 925 4378 590
937 4337 994 4394 sqq.
