3200 5028
733 405 773 472 35

165 655 166 660 η
194 611 437 689 constituerunt,
461 611 564 676 varias
587 612 810 694 exemplarium
826 629 962 676 suorum
984 611 1132 676 lectiones
1154 610 1185 675 in
1208 627 1312 676 racen-

193 715 312 780 sionem
326 734 415 780 suam
431 719 618 797 receperunt
636 733 698 780 non
722 715 937 794 diiudicantes‚
960 733 1045 796 quae·
1064 714 1200 795 genuina
1220 713 1311 778 lectio

193 826 289 884 esset:
313 819 393 884 alter
415 823 520 884 autem
541 819 679 883 Andriae
701 818 817 897 exitus,
840 819 873 882 in
896 837 957 900 quo
981 819 1115 900 genuina
1136 818 1228 908 lectio
1250 837 1312 882 non

192 921 358 1000 minuitur,
388 922 420 987 id
450 921 534 1004 quod
563 923 594 985 in
617 922 770 987 Plautinis
801 921 1022 1003 dittographiis
1052 920 1170 988 factum
1196 921 1311 1004 est¹⁰⁸),

193 1024 249 1089 sed
264 1031 407 1106 augetur,
423 1025 498 1090 viris
514 1025 623 1102 doctis,
648 1025 702 1106 qui
717 1026 921 1092 Terentianas
940 1023 1063 1090 fabulas
1078 1030 1311 1105 recensuerunt,

192 1127 318 1209 ignotus
340 1124 413 1207 iuit3
436 1145 537 1210 neque
559 1128 598 1192 ab
620 1128 658 1194 iis
681 1129 713 1192 in
736 1128 856 1195 codices
879 1134 1023 1211 receptus
1046 1135 1104 1218 est.

276 1233 387 1314 Neque
405 1251 480 1298 vero
503 1233 542 1296 de
563 1232 691 1296 librario
713 1251 880 1313 possumus
903 1233 1053 1315 cogitare:
1075 1245 1149 1298 narn
1171 1232 1313 1296 librario

193 1354 264 1399 rum
293 1335 550 1418 interpolationes
575 1335 769 1400 »ludibunda
791 1335 957 1400 sedulitate
978 1336 1130 1400 subnatat
1152 1337 1225 1421 ipsa
1247 1357 1314 1396 aar·

195 1437 312 1518 barura,
337 1440 571 1518 sententiarum,
594 1459 795 1502 numeroram
811 1438 974 1522 pravitate
988 1437 1144 1502 noviciam
1166 1438 1311 1516 ampinana

190 1540 416 1626 prodant104).«
658 1535 660 1542 '
1001 1545 1006 1554 “

279 1644 321 1709 Ac
335 1663 375 1709 ne
389 1650 502 1725 poetae
516 1643 652 1724 quidem,
671 1643 721 1708 uel
737 1643 940 1724 grammatico
955 1643 1005 1708 vel
1020 1643 1113 1708 alicui
1128 1641 1194 1706 viro
1210 1641 1311 1722 docto,

110 1779 113 1784 ·
191 1746 245 1828 qui
261 1765 319 1812 sua
340 1751 452 1829 sponte
474 1751 530 1811 aut
545 1747 709 1812 Menandri
724 1747 886 1811 Perinthia
907 1746 1040 1829 usus¹⁰⁵)
1065 1745 1221 1811 addiderit
1243 1765 1312 1810 eam

190 1850 222 1914 in
242 1869 305 1914 uno
328 1851 377 1914 vel
399 1850 611 1931 compluribus
635 1850 803 1930 codicibus
827 1852 903 1916 haec
925 1867 1039 1916 scaena
1060 1849 1229 1913 tribuenda
1250 1853 1312 1914 est:

190 1953 217 2018 is
244 1953 326 2017 enirn
349 1953 467 2018 exitum
488 1954 534 2018 ita
556 1955 745 2035 scripsisset,
774 1959 811 2018 ut
833 1973 904 2019 cum
925 1953 1050 2018 fabulae
1073 1943 1258 2034 argumento
1281 1957 1313 2016 et

191 2053 394 2136 dispositione
416 2060 615 2136 congnreret,
640 2061 735 2137 atque
757 2073 867 2121 versus
890 2075 960 2120 cum
984 2055 1240 2120 antecedentibus
1263 2074 1313 2120 co-

190 2157 260 2222 nexi
275 2175 338 2221 uno
353 2163 462 2223 tenore
476 2159 602 2224 recitari
616 2165 746 2241 possent
756 2159 929 2240 tabulaque
949 2164 1023 2240 apto
1044 2159 1137 2223 modo
1159 2157 1312 2239 finiretur;

189 2261 269 2325 tales
286 2265 392 2324 autem
407 2279 526 2340 versus,
547 2263 602 2344 qui
617 2281 732 2327 novum
748 2263 865 2327 exitum
880 2282 951 2327 cum
966 2261 1073 2327 fabula
1088 2263 1313 2345 coniungerent

190 2368 223 2428 et
238 2367 322 2427 recte
336 2362 471 2443 finirent,
494 2365 568 2430 olim
583 2367 739 2431 exstitisse
755 2372 787 2431 et
801 2371 979 2449 temporum
994 2367 1160 2449 iniquitate
1182 2367 1312 2449 periisse

190 2469 276 2534 credi
304 2469 425 2550 nequit:
453 2489 528 2534 nam
555 2471 690 2552 primurn
717 2470 917 2537 nihilominus
944 2470 1121 2552 argumenti
1148 2469 1312 2534 diversitas

191 2591 227 2637 ac
243 2572 454 2654 discrepantia
475 2578 625 2652 remanet,
648 2573 760 2639 deinde
782 2575 841 2640 hoc
863 2576 925 2640 iam
948 2573 1172 2658 antiquissimis
1194 2577 1313 2654 iampo-

190 2675 277 2742 ribus
298 2675 367 2741 fieri
389 2675 549 2755 debuerat,
573 2695 643 2741 oum
665 2679 728 2742 iam
749 2679 893 2744 Donatus
917 2679 1034 2743 exitum
1055 2678 1119 2740 iam
1140 2675 1237 2741 talem
1258 2696 1313 2741 no·

190 2778 279 2856 verit,
303 2779 404 2860 qualis
420 2799 502 2845 nunc
524 2786 587 2860 est;
609 2781 703 2847 immo
726 2799 836 2847 versus
858 2781 939 2847 hano
961 2780 1094 2846 lamnam
1117 2797 1155 2844 ac
1175 2779 1311 2860 speciem

190 2881 253 2946 iam
275 2881 306 2945 in
329 2882 498 2964 archetypo
520 2883 669 2949 videntur
690 2884 845 2950 habuisse.

275 2984 387 3065 ltaque
414 2985 441 3049 si
469 2986 664 3066 quaerimus,
688 3006 707 3051 a
729 3005 791 3068 quo
820 3003 930 3050 versus
959 2983 1068 3066 scripti
1098 2984 1174 3063 sint,
1209 3002 1311 3065 neque

190 3085 395 3150 Ritschelium
421 3122 456 3130 —
481 3104 615 3166 quocum
635 3087 711 3152 lacit
726 3088 762 3151 G.
778 3088 978 3152 Hermannus
1005 3123 1039 3132 —
1064 3087 1234 3168 sequimur,
1258 3087 1312 3168 qui

190 3192 320 3269 propter
349 3186 516 3252 dictionem
543 3189 661 3270 cogitat
691 3190 729 3255 de
760 3201 869 3275 »poeta
901 3190 1023 3273 att'qao«
1054 3190 1200 3255 Terentio
1227 3188 1312 3252 haud

190 3292 289 3354 multo
304 3291 487 3372 posteriore,
511 3291 651 3373 quicum
671 3291 788 3370 iecerit,
813 3311 883 3357 cum
897 3291 1018 3356 Andria
1033 3291 1134 3357 denuo
1151 3297 1312 3374 ageretur3

190 3413 291 3477 neque
306 3395 541 3470 Dziatzkonsm,
565 3395 619 3477 qui
635 3395 744 3460 eadem
766 3396 806 3460 de
828 3415 924 3460 causa
946 3414 965 3459 a
989 3395 1075 3460 »vtro
1098 3397 1200 3482 atiquo
1224 3393 1312 3458 docto

191 3497 239 3562 ΙΙ.
251 3521 286 3582 p.
306 3496 377 3561 Chr.
398 3522 499 3563 raca«
519 3519 590 3564 eum
614 3499 756 3563 additum
779 3519 848 3565 esse
869 3503 989 3579 censet3
1011 3517 1113 3581 neque
1128 3498 1310 3574 Braunium,

190 3601 245 3682 qui
273 3608 370 3665 nescio
400 3625 487 3685 quem
513 3601 648 3688 perlecto
681 3600 840 3685 Calliopae·
855 3609 1067 3685 manuscripto
1097 3599 1160 3665 IV.
1179 3624 1212 3685 p.
1239 3599 1310 3664 Otr.

190 3725 266 3769 saec.
291 3752 298 3767 .
323 3751 330 3766 .
355 3752 362 3767 .
387 3703 467 3768 banc
490 3706 608 3768 cattum
631 3704 797 3782 addidisse,
821 3708 975 3783 autumat,
998 3726 1092 3789 aequa
1114 3726 1184 3766 aero
1206 3704 1312 3786 ipsam

193 3817 312 3868 temtum
341 3817 493 3885 mutasse,
523 3811 577 3869 sed
606 3830 667 3870 sua
690 3807 901 3890 adscripsisse
925 3809 957 3870 in
979 3807 1132 3886 marpissa,
1155 3806 1205 3872 vel
1226 3804 1312 3887 quod

190 3909 273 3974 idem
289 3928 366 3990 esse,
390 3899 447 3974 cir
469 3915 623 3974 doctum
644 3915 704 3972 oet
722 3918 1042 3988 qrammattcam.
1067 3959 1074 3975 .
1098 3958 1106 3974 .
1126 3905 1312 3974 Periatba'aa

260 4169 310 4238 1⁰³)
329 4167 391 4222 ibid.
411 4183 437 4238 p.
450 4169 507 4222 251.
526 4167 638 4235 astsqq.
747 4167 796 4236 1⁰⁴)
815 4163 903 4220 Verba
921 4163 1061 4220 Bitschelii
1079 4167 1106 4220 in
1124 4165 1208 4236 prael.
1227 4163 1311 4220 Mero.

190 4266 217 4324 p.
238 4255 292 4310 Vll.
414 4257 461 4320 ¹⁰⁵)
478 4254 505 4308 id
531 4252 601 4322 quod
619 4253 752 4306 Braunius
776 4254 805 4320 (l.
824 4253 841 4305 l.
859 4268 884 4320 p.
904 4256 948 4316 21)
966 4251 1065 4315 voluit;
1085 4251 1118 4306 cl.
1137 4266 1220 4320 supra
1236 4267 1263 4320 p.
1277 4253 1310 4304 32

192 4348 219 4395 st
236 4341 296 4395 adn.
315 4344 357 4395 at.

1071 4405 1109 4460 3·
