3200 5028
825 370 863 431 16

106 564 193 629 v.13.
208 562 268 626 Pa.
287 561 421 626 Memini
432 575 524 651 atque
539 565 616 633 adeo
635 576 640 644 Ι
659 581 694 633 ut
708 570 797 636 ooluc‘
809 572 1000 638 commodum
1022 574 1080 638 tac
1102 598 1195 642 aenea
1217 579 1275 642 ecit
1296 578 1403 660 fores:

145 667 193 730 14.
287 663 398 732 Secede
414 667 491 732 illue
506 669 746 758 aliquantisper,
762 674 855 739 Doce
874 699 1001 762 sequere
1022 702 1067 742 me
1090 678 1156 744 tae.
1179 680 1263 745 Dan.
1281 705 1402 768 sequor.

683 775 762 842 Aet.
786 777 820 844 V.
843 801 959 843 tenen.
977 785 1004 844 7.

167 874 193 935 1.
291 873 332 936 Te
353 875 568 961 eacpectobom
592 924 599 941 .
624 929 629 940 .
654 925 661 940 .
688 926 695 942 .
719 900 743 941 e.
760 902 788 964 q.
805 903 830 943 c.

286 981 380 1058 atque
408 983 445 1042 ut
473 979 549 1044 haec
575 998 699 1062 quoque
722 1001 835 1048 scaena
856 990 940 1051 recte
962 987 1198 1067 terminaretur,
1221 995 1294 1072 post
1315 1009 1343 1054 v.
1361 993 1398 1054 21

285 1079 428 1154 ‚Uaorem
454 1118 489 1128 -
514 1081 660 1168 spondeo‘
684 1084 757 1149 addi
779 1086 862 1151 vult:

397 1183 554 1262 [Agatur
576 1193 677 1250 intuo
700 1189 736 1250 oi
757 1190 854 1274 quid
875 1202 1001 1254 restet.
1035 1217 1070 1255 co.
1088 1168 1285 1261 Plaudite.

286 1287 370 1365 Quas
385 1288 546 1354 Ritsobelii
561 1291 764 1369 coniecturas,
788 1311 979 1375 quamquam
994 1315 1116 1361 summa
1137 1317 1208 1363 cmn
1230 1297 1402 1379 sagacitate

285 1391 478 1472 excogitatae
503 1398 591 1471 sunt,
620 1399 724 1458 tamen
754 1395 845 1476 longe
873 1398 1018 1463 recedere
1041 1418 1060 1464 a
1082 1401 1223 1466 codicum
1246 1401 1401 1482 scriptura

284 1511 374 1557 nemo
396 1494 531 1575 negabit.
576 1496 621 1561 Ac
642 1502 727 1562 certe
749 1498 828 1564 alius
851 1499 927 1565 alios
950 1520 1060 1567 versus
1082 1504 1258 1585 excogitare
1280 1504 1401 1568 eodem-

284 1613 345 1677 que
373 1598 441 1662 iure
468 1598 632 1665 defendere
654 1605 772 1682 potest,
803 1603 829 1666 si
856 1602 948 1667 modo
972 1623 1043 1669 eum
1063 1604 1157 1672 buius
1180 1626 1311 1672 scaenae
1333 1626 1401 1672 sen·

283 1701 389 1765 tentiis
423 1707 454 1766 et
482 1703 669 1768 Terentiana
697 1703 831 1770 dictione
860 1714 1046 1788 congruant3
1075 1727 1266 1791 quamquam
1294 1729 1400 1775 omnes

284 1805 471 1870 recentiores
501 1805 648 1883 editores,
674 1809 727 1890 qui
750 1809 884 1874 alterum
906 1812 1057 1892 praebent
1079 1814 1210 1889 exitum,
1233 1813 1313 1877 hane
1335 1813 1400 1878 Rit-

283 1908 390 1973 schelii
412 1910 659 1976 emendationem
681 1912 781 1977 secuti
803 1920 885 1979 sunt.

741 2201 864 2286 ,γι

386 2375 505 2477 Quae
536 2378 693 2464 fuerint
725 2380 897 2464 alterius
930 2384 1066 2466 exitus
1099 2381 1291 2466 fortunae

507 2533 824 2618 vicissitudines
855 2537 898 2617 in
931 2536 1163 2620 codicibus

368 2752 417 2816 Ex
438 2769 474 2816 eo
498 2750 614 2829 ordine,
638 2769 700 2832 quo
715 2751 857 2816 Donatus
880 2758 912 2816 et
926 2753 1126 2834 Eugraphius
1148 2771 1257 2819 versus
1279 2753 1311 2817 in
1333 2753 1398 2819 suis

283 2854 511 2937 exemplaribus
538 2854 739 2937 interpositos
762 2862 968 2936 reppererunt
990 2860 1085 2938 atque
1107 2876 1164 2921 nos
1187 2856 1219 2920 in
1241 2855 1399 2920 codicibus

283 2959 314 3023 in
330 2957 436 3023 fabula
450 2963 589 3022 extrema
603 2959 737 3024 insertos
759 2959 900 3040 legimus
925 2960 1069 3041 colligere
1090 2960 1179 3025 nobis
1202 2977 1294 3041 posse
1315 2959 1399 3025 vide

282 3081 365 3128 mur:
396 3062 545 3143 primum:
575 3062 638 3126 iam
660 3062 819 3126 Donatum
846 3067 878 3126 et
899 3062 1115 3145 Eugrapbium
1143 3081 1252 3128 versus
1282 3063 1398 3127 nonin

282 3165 422 3246 margine
438 3166 568 3230 alicuius
584 3165 654 3229 libri
670 3165 725 3230 sed
740 3166 771 3228 in
786 3170 875 3230 textu
894 3167 963 3248 ipso
985 3168 1032 3246 iis,
1056 3187 1134 3249 quos
1157 3167 1299 3242 diximus
1323 3167 1399 3232 locis

282 3269 415 3349 scriptos
427 3269 616 3351 repperisse3
633 3268 756 3333 deinde:
773 3268 804 3332 in
817 3289 925 3334 eorum
938 3270 1094 3336 codicibus
1106 3270 1202 3336 verba
1212 3288 1274 3335 non
1290 3271 1400 3336 eodem

281 3372 374 3436 modo
390 3374 508 3454 scripta
522 3372 628 3449 fuisse,
651 3390 714 3453 quo
729 3373 760 3435 in
775 3373 905 3438 nostris:
928 3393 1000 3438 nam
1015 3375 1111 3439 verba
1133 3385 1177 3454 ,tu
1193 3375 1285 3437 Dave
1299 3411 1340 3422 -
1357 3379 1400 3438 eo‘

282 3473 315 3558 (i.
331 3494 357 3540 e.
374 3494 402 3539 v.
419 3496 447 3539 v.
466 3478 505 3539 14
520 3480 551 3540 et
568 3475 631 3558 15.)
658 3475 685 3540 si
705 3475 738 3538 in
762 3495 824 3540 uno
847 3477 984 3541 alterove
1006 3477 1121 3541 omissa
1142 3475 1345 3556 invenissent,
1368 3476 1400 3540 bi

282 3584 541 3645 commentatores
556 3578 751 3660 maximeque
766 3579 918 3657 Donatus,
943 3578 1066 3644 subtilis
1081 3577 1133 3642 ille
1148 3578 1284 3644 Terentii
1306 3580 1400 3645 inter-

281 3702 366 3765 preS‚
402 3683 510 3746 »enirm
533 3682 746 3746 notationibus
769 3681 851 3745 ntitt
875 3684 982 3764 epitrito
1006 3703 1142 3767 unquam
1165 3680 1280 3744 diotone
1303 3693 1348 3744 eet
1368 3683 1399 3744 t'a

279 3796 404 3870 poetam
419 3797 475 3848 out
491 3784 735 3866 ingenioeinc⁸³)c
754 3785 821 3850 sine
836 3784 930 3850 dubio
946 3769 1195 3862 adnotavissent3
1210 3788 1293 3847 tum:
1315 3783 1399 3848 nullo

281 3906 420 3969 unquam
440 3891 588 3969 tempore,
612 3890 765 3968 quantum
781 3887 904 3964 seimus,
928 3885 1065 3951 codicem
1084 3885 1189 3964 luisse,
1212 3886 1244 3951 in
1267 3904 1329 3966 quo
1351 3886 1401 3949 bic

283 3991 363 4056 alter
391 3990 507 4069 exime,
538 3991 652 4056 omisso
680 3990 733 4055 illo
761 3989 903 4056 breviore
930 3989 1038 4071 quiin
1060 3989 1211 4054 Bembino
1234 3993 1291 4067 est,
1315 3987 1400 4052 solus

349 4198 385 4264 ⁸³)
403 4197 436 4252 ol.
448 4197 479 4250 L.
492 4195 630 4264 Sobopen:
654 4195 686 4250 de
703 4194 829 4250 Terentio
854 4201 882 4250 et
901 4195 1006 4250 Donato
1026 4193 1083 4249 cius
1100 4181 1254 4263 interprete.
1287 4194 1396 4248 Bonnee

285 4287 357 4340 1821.
376 4299 401 4354 p.
414 4285 455 4337 47.
474 4281 508 4336 ei.
526 4279 616 4350 Umpf.
634 4281 825 4349 p.xxxvl11.
