3200 5028
740 403 780 465 25

202 607 293 672 unius
331 607 455 672 tabulae
490 611 617 672 exactae
650 607 817 690 (Hecyrae)
850 607 967 671 mentio
1000 607 1043 671 lit.
1094 608 1139 672 Ac
1171 627 1211 672 ne
1242 607 1320 673 illud

202 710 327 802 quidem
350 715 415 775 tam
438 710 505 774 leve
527 716 584 787 est,
608 729 702 791 quam
726 711 882 792 Wagnero
905 710 1083 774 videbatur:
1113 711 1197 792 quod
1220 730 1319 792 neque

204 813 288 895 apud
316 813 499 878 Suetonium
528 831 629 894 neque
658 812 743 894 apud
764 814 923 877 Donatum
951 831 1052 893 neque
1081 813 1113 877 in
1143 813 1320 878 didascaliis

204 917 372 998 quicquam
394 915 552 980 invenitur
575 916 613 980 de
635 915 751 997 duplici
773 915 827 980 illa
848 915 986 979 Andriae
1009 915 1182 997 actione⁶³).

286 1019 390 1099 Atque
406 1019 483 1084 haec
499 1019 626 1099 quidem
641 1019 681 1085 de
702 1020 807 1100 priore
822 1019 972 1100 Wagneri
987 1022 1188 1099 argument03
1211 1023 1320 1094 restat,

202 1127 238 1186 ut
261 1123 298 1187 de
321 1122 420 1187 altero
443 1123 648 1204 disputemus.
1102 1147 1104 1152 ·

285 1226 415 1290 Dixerat
430 1225 606 1307 Wagnerus
623 1226 837 1292 adversarium
853 1226 989 1290 Terentii
1009 1244 1071 1289 non
1093 1226 1234 1306 potuisse
1256 1229 1321 1290 tarn

202 1334 380 1394 accuratam
409 1329 534 1395 fabulae
563 1331 706 1396 notitiam
737 1331 795 1396 sibi
823 1348 950 1412 parare,
980 1329 1041 1394 nisi
1062 1329 1124 1392 iem
1147 1333 1217 1394 acta
1240 1333 1322 1393 esset

201 1430 329 1496 Andria.
375 1431 465 1509 Quod
494 1433 557 1497 iam
579 1452 598 1496 a
620 1432 857 1514 Dziauxoneffl)
888 1430 1060 1496 refutatum
1089 1436 1145 1507 est,
1177 1432 1230 1512 qui
1259 1450 1321 1512 quo

202 1539 294 1616 pacto
327 1535 372 1599 illi
399 1536 459 1617 ipsi
492 1537 546 1617 (sc.
573 1535 759 1613 adversarii,
794 1535 848 1616 qui
877 1539 952 1600 sunt
978 1535 1111 1600 Luscius
1139 1535 1321 1599 Lanuvinus

202 1637 331 1718 eiusque
359 1638 461 1721 amici)
485 1640 636 1704 Andriam
659 1639 868 1721 cognoverint,
893 1638 978 1702 varie
1000 1657 1092 1719 posse
1114 1641 1207 1719 putat
1228 1637 1323 1719 expli-

203 1741 281 1820 cari3
311 1741 349 1806 de
379 1741 503 1808 domino
534 1743 636 1825 gregis
666 1762 760 1824 posse
788 1741 920 1823 cogitari
946 1744 1003 1804 aut
1025 1741 1063 1805 de
1086 1741 1243 1806 actoribus
1267 1745 1323 1804 aut

203 1844 240 1908 de
256 1845 392 1908 Terentii
413 1844 627 1923 familiaribus,
651 1865 708 1926 per
730 1864 808 1926 quos
831 1844 1003 1908 innotuerit
1024 1842 1131 1908 fabula
1152 1845 1214 1908 iem
1237 1848 1323 1908 ante-

202 1965 297 2027 quem
313 1952 467 2027 ageretur.
505 1947 594 2012 Adde
609 1948 704 2013 etiam
720 1947 804 2028 quod
824 1966 860 2012 eo
884 1965 997 2028 genere
1020 1947 1159 2024 actionis,
1185 1946 1268 2027 quod
1290 1947 1322 2011 in

203 2049 346 2114 Eunuchi
361 2049 490 2130 prologo
507 2052 547 2134 (v.
565 2051 606 2114 20
622 2051 682 2134 sq.)
699 2050 1012 2132 commemoraturil),
1029 2049 1162 2114 Luscius
1176 2049 1322 2113 notitiam

202 2151 327 2217 fabrdae
343 2151 401 2217 sibi
416 2145 529 2233 parare
551 2154 668 2235 potuit;
691 2172 764 2218 nam
787 2153 859 2218 talis
883 2154 964 2218 actio
986 2173 1048 2218 non
1071 2158 1136 2217 tam
1158 2153 1323 2232 magistra·

204 2260 294 2319 tuum
310 2275 413 2333 causa,
430 2261 467 2320 ut
481 2257 580 2321 voluit
595 2257 781 2338 Wagnerus,
797 2275 892 2337 quarn
908 2261 1050 2320 actorum
1066 2273 1161 2320 carisa
1174 2255 1322 2337 fiebat⁶⁶).

205 2357 403 2422 Praetereae
424 2359 488 2422 v.3
512 2359 589 2439 prol.
614 2358 743 2440 Adelph.
772 2359 1003 2424 evidentissime
1026 2362 1157 2439 apparet
1180 2358 1324 2423 adversa-

205 2459 267 2526 rios
294 2464 367 2526 ante
394 2461 548 2526 actionem
569 2461 694 2526 fabulae
716 2462 861 2526 notitiam
882 2461 998 2526 habere
1020 2462 1168 2542 potuisse.
1213 2463 1325 2543 Itaque

204 2563 385 2628 Lanuvinus
409 2562 557 2629 ¹facillime
587 2570 619 2629 et
645 2584 715 2629 eam
742 2566 886 2630 notitiam
909 2565 968 2629 sibi
991 2584 1104 2647 parare
1127 2568 1158 2630 et
1180 2565 1324 2630 Terentio

204 2666 338 2730 maximo
358 2667 578 2752 impedimento
602 2687 670 2734 esse
692 2669 804 2749 potuit,
828 2687 898 2734 cum
922 2688 993 2734 eum
1015 2689 1072 2750 pcr
1094 2673 1192 2733 totam
1215 2669 1325 2734 urbem

206 2769 382 2835 rumoribus
399 2769 590 2854 differrem).
630 2771 661 2837 Si
678 2773 747 2853 quis
764 2777 869 2837 tamen
884 2773 1019 2854 putatu)
1043 2771 1181 2837 fabulam
1203 2772 1235 2836 in
1257 2772 1326 2853 ipsa

206 2890 319 2938 scaena.
334 2873 487 2954 agendam
509 2874 614 2950 fuisse,
638 2879 675 2938 ut
689 2876 823 2940 Luscius
839 2875 1019 2940 Terentium
1042 2893 1154 2939 vexare
1177 2880 1209 2939 ct
1230 2874 1326 2940 laces-

206 2975 317 3057 11116)
333 2980 449 3056 posset,
472 2995 534 3040 non
550 2995 586 3042 eo
602 2977 704 3055 modo,
728 2978 782 3058 qui
802 2978 832 3041 in
849 2977 993 3042 Eunuchi
1015 2979 1145 3060 prologo
1167 2980 1324 3055 narratur,

207 3077 263 3141 sed
290 3078 330 3142 ab
357 3079 427 3158 ipsa
448 3098 560 3144 scaena
582 3081 613 3145 in
637 3081 766 3162 prologo
789 3080 952 3145 cuiusdam
974 3080 1112 3159 fabulae,
1143 3099 1238 3163 quam
1260 3081 1326 3161 ipse

207 3179 329 3260 agebat,
354 3179 426 3244 huic
440 3182 678 3262 respondeatur,
702 3202 768 3247 rem
783 3182 829 3247 ita
841 3202 875 3248 sc
889 3183 1005 3248 habere
1025 3184 1174 3265 potuisse,
1198 3188 1234 3247 ut
1248 3183 1327 3248 Lus-

208 3282 274 3346 cius
297 3282 474 3347 Andrisco
497 3305 590 3366 quem
613 3285 746 3351 diximus
769 3286 861 3351 modo
884 3288 1021 3368 cognita,
1050 3292 1122 3352 ante
1144 3287 1210 3352 eius
1233 3287 1328 3351 actio-

208 3404 278 3451 nem
307 3386 338 3448 in
367 3387 497 3469 prologo
527 3390 663 3471 quodam
691 3395 884 3472 spectatores
907 3391 1102 3468 admoneret,
1126 3393 1163 3453 ut
1185 3390 1224 3454 ab
1246 3408 1326 3453 novo

209 3494 354 3553 caverent
368 3495 471 3570 poeta,
496 3492 550 3573 qui
565 3493 652 3558 brevi
675 3494 928 3571 ,contaminatam
945 3492 1112 3579 fabulam*
1136 3496 1220 3557 esset
1242 3491 1328 3556 adhi-

209 3591 341 3656 biturus.
388 3591 475 3669 Quae
497 3614 568 3660 curn
590 3597 636 3660 ita
657 3597 729 3674 sint,
753 3603 893 3678 apparet,
917 3616 955 3662 ex
976 3595 1105 3678 prologo
1127 3595 1203 3659 nihil
1226 3595 1328 3676 colligi

209 3713 301 3776 posse
317 3695 369 3768 ,de
397 3695 498 3762 altera
518 3698 656 3763 Andriae
685 3699 807 3764 actione
830 3718 848 3764 a
869 3703 963 3781 poeta
992 3699 1059 3780 ipso
1087 3696 1223 3778 lactan).
1267 3696 1328 3762 Sed

283 3900 317 3964 66)
338 3900 369 3952 cl.
389 3899 468 3952 etiam
482 3898 584 3952 Ritsch.
603 3913 693 3965 opusc.
707 3899 756 3952 111.
784 3915 806 3967 p.
823 3903 885 3954 233:
906 3937 923 3960 ,s
945 3939 949 3950 .
971 3943 974 3952 .
994 3917 1039 3951 aec
1058 3900 1122 3949 enim
1141 3897 1177 3948 oet
1195 3897 1225 3949 de
1242 3897 1328 3962 priore

213 3987 303 4052 aliqua
322 3987 420 4037 accione
438 3993 504 4037 recle
523 3985 668 4051 capharuth
757 3986 791 4051 64)
811 3992 911 4052 quaest.
932 3986 976 4038 sel.
996 3986 1028 4038 de
1047 3983 1113 4052 prol.
1133 3999 1158 4051 p.
1171 3987 1195 4037 2.
1212 3983 1240 4036 in
1259 3982 1328 4035 Mus.

213 4070 299 4124 Rhea.
318 4069 375 4122 XX.
402 4084 427 4136 p.
446 4071 505 4124 519.
610 4069 646 4135 66)
663 4070 850 4124 Pachelmann.
869 4069 885 4122 1.
904 4069 921 4120 1.
941 4085 965 4137 p.
983 4073 1019 4124 13.
1121 4069 1157 4132 66)
1175 4067 1207 4122 cf.
1228 4066 1329 4121 Ritrch.

215 4156 321 4222 Parerg.
341 4171 368 4223 p.
387 4157 438 4210 318
456 4163 484 4208 et
499 4155 619 4208 Ribbeck
638 4157 698 4216 ,Die
715 4158 833 4208 rimiscte
857 4157 999 4223 Traqbrlie‘.
1034 4155 1107 4224 Lips.
1130 4154 1200 4208 1875.
1231 4169 1256 4221 p.
1268 4156 1328 4209 669.

212 4241 248 4306 66)
266 4242 298 4296 ci.
317 4239 456 4294 Heautont
482 4239 549 4308 prol.
568 4257 591 4295 v.
607 4243 700 4309 ltisqq.
809 4241 845 4305 66)
863 4239 944 4293 Velut
962 4240 1076 4309 Spengel
1096 4239 1178 4293 Andr.
1196 4238 1237 4293 ed.
1257 4255 1283 4307 p.
1296 4238 1328 4292 X.

211 4327 247 4392 66)
264 4326 369 4380 Phorm.
388 4326 456 4394 prol.
470 4329 508 4380 13.
620 4327 656 4393 66)
673 4325 804 4380 Dalatako
823 4326 850 4379 in
869 4326 975 4380 Phorm.
996 4325 1035 4380 ed.
1055 4343 1079 4394 p.
1096 4329 1128 4381 10
1145 4325 1234 4379 adua
1252 4329 1330 4393 putat
