3200 5028
737 382 928 477 *ιο-

276 583 348 648 ue'dr‘
367 595 590 670 praeterquam
619 585 652 648 a'n
680 584 783 651 codice
809 585 941 650 Terentii
962 596 1016 674 qui
1036 601 1081 654 ert
1102 591 1138 654 in
1160 591 1278 654 catenis
1304 587 1393 676 apud

277 689 479 752 seminarium
493 690 678 753 dominicum
694 689 846 753 Bonom'e.
889 689 953 753 Ubr'
964 699 1066 775 ipsam
1080 694 1207 778 repperi
1228 692 1266 755 de
1287 693 1392 756 littera

276 788 442 856 admodum
465 794 610 879 antiqua,
639 793 845 878 superaddito
869 805 970 856 tamen
993 794 1252 880 videbatur-poet
1270 794 1393 881 perfec·

276 904 340 958 tum
356 917 434 980 opus
450 903 529 959 sicut
545 910 573 959 et
595 895 663 960 bic..
693 895 757 974 Que
780 921 821 960 an
838 896 945 983 fuerit
973 898 1110 963 Terentii
1133 897 1278 962 viderunt
1303 897 1392 981 (rici)

276 995 342 1060 alti.
379 997 448 1083 Epo
467 1021 538 1064 vero
560 999 607 1063 bic
630 998 902 1064 transcribendam
926 998 1008 1079 duri,
1032 1009 1106 1086 quia
1130 1004 1163 1063 in
1185 1002 1392 1065 vetustissimo

276 1105 377 1163 codice
400 1114 428 1164 et
451 1102 583 1187 antiqua
605 1102 698 1166 valde
722 1102 829 1168 littera
852 1105 971 1189 scripta
994 1117 1090 1168 erat«
1138 1105 1185 1169 Ex
1207 1104 1266 1170 hoc
1288 1104 1393 1169 codice

275 1222 453 1270 escaenam
472 1207 730 1291 ‚ruppoer'ticiam‘
755 1226 774 1271 a
796 1206 919 1290 Guyeto
942 1207 1129 1290 exscriptam
1151 1226 1220 1273 esse
1241 1206 1306 1274 lere
1328 1225 1392 1272 cer-

275 1312 343 1372 tum
369 1307 469 1389 estu).
513 1308 725 1374 Personarum
747 1309 864 1375 indices
887 1328 1026 1390 scaenae,
1051 1310 1089 1376 de
1111 1330 1175 1394 qua
1196 1311 1310 1393 agitur,
1332 1329 1394 1376 non

275 1416 349 1476 sunt
362 1411 561 1494 praepositae
580 1413 611 1476 in
633 1412 721 1478 libris
744 1418 810 1493 ret
824 1412 852 1491 ὃ,
877 1431 948 1478 curn
969 1413 1208 1481 interlocutores
1230 1433 1287 1496 per
1308 1432 1394 1479 scae·

275 1532 347 1578 nam
369 1532 432 1579 non
454 1514 517 1579 sint
538 1514 665 1581 indicati
688 1517 721 1579 in
743 1539 773 1595 a,
788 1516 822 1597 β,
838 1539 866 1597 7,
884 1515 956 1597 δι’).

360 1618 464 1698 Atque
478 1617 510 1683 in
524 1618 573 1684 his
588 1619 726 1700 quinque
741 1618 898 1685 codicibus
915 1620 1047 1685 alterum
1064 1618 1180 1685 exitum
1196 1638 1258 1684 non
1280 1618 1394 1684 omisso

276 1721 380 1802 priore
408 1721 559 1802 scriptum
585 1722 740 1801 invenies,
763 1722 819 1787 sed
841 1722 886 1786 illi
908 1723 1033 1789 eosdem
1055 1741 1134 1805 quos
1157 1722 1326 1788 Bembinus
1348 1741 1395 1789 cs

276 1825 400 1906 torique
422 1824 542 1890 codices
565 1825 711 1890 exhibent
731 1844 841 1891 versus
866 1861 902 1872 ——
927 1831 1007 1892 teste
1028 1825 1273 1908 Umpienbachio
1292 1843 1343 1889 —t

106 1944 144 2020 V,
161 1946 190 2024 6,
208 1946 260 2008 13:
342 1943 474 2007 Memini
484 1958 576 2027 atque
588 1943 666 2007 adeo
679 1943 831 2021 lonpumst
846 1945 940 2009 illum
954 1969 999 2008 me
1016 1956 1193 2032 euapectore
1210 1944 1284 2008 dum
1299 1955 1394 2008 creat.

207 2049 259 2111 14:
342 2046 474 2133 Sequere
496 2046 554 2110 bac
574 2047 719 2129 intue¹³):
743 2048 833 2133 apud
857 2047 1033 2134 Glycerium
1055 2071 1137 2111 nunc
1159 2057 1205 2110 est

278 2151 327 2216 hic
355 2169 465 2216 versus
490 2153 537 2214 14.
567 2150 689 2233 integer
710 2171 772 2217 non
795 2157 857 2232 est,
881 2171 954 2218 nam
976 2172 1057 2235 quae
1077 2155 1151 2234 post
1172 2173 1261 2224 ,nunc
1283 2155 1341 2214 εειι
1363 2152 1395 2216 in

279 2253 390 2319 ceteris
410 2253 567 2319 codicibus
589 2255 706 2335 scripta
727 2259 815 2319 sunt:
839 2266 884 2334 ‚tu
906 2255 996 2318 Dare
1020 2256 1073 2320 abi
1094 2255 1228 2318 domani
1251 2253 1397 2319 videntur

278 2362 346 2422 esse
369 2355 486 2434 deleta3
509 2375 604 2437 quarn
625 2357 770 2425 lacunam
789 2359 1053 2442 Umpfenbachius
1077 2360 1264 2438 coniectura
1287 2361 1319 2424 ni
1340 2361 1396 2424 lal-

279 2460 339 2537 lor‚
370 2459 493 2540 explere
523 2460 658 2538 studuit,
689 2479 762 2526 nam
790 2462 942 2528 vocabula
974 2469 1046 2526 »red
1074 2486 1175 2528 eccam
1198 2463 1260 2526 enit
1276 2461 1392 2548 forae«

280 2561 436 2627 addidisse
459 2581 530 2627 eum
553 2568 684 2644 apparet
706 2583 743 2628 ex
765 2583 811 2643 eo,
834 2565 919 2647 quod
941 2565 1028 2631 uncis
1052 2584 1089 2631 ea
1110 2565 1245 2630 inclusit.

210 2685 261 2748 15:
280 2681 444 2767 ‚Propera
459 2705 574 2746 accerse
587 2682 658 2746 binc
669 2685 725 2768 qui
738 2684 888 2766 auferant
901 2707 977 2750 eam.
991 2686 1067 2772 quid
1083 2685 1169 2748 stoa?
1183 2683 1262 2770 quid
1277 2685 1397 2749 cessae?

1227 2788 1313 2851 Dar.
1326 2787 1394 2852 Eo‘.

278 2907 407 2971 prorsus
437 2889 588 2954 omittunt
615 2889 646 2953 hi
676 2889 796 2955 codices
826 2909 946 2969 omnes,
975 2891 1031 2956 sed
1053 2891 1120 2957 eius
1142 2891 1210 2956 loco
1232 2891 1264 2955 in
1286 2891 1348 2956 illis
1367 2890 1396 2956 V

278 2991 435 3058 codicibus
455 2991 675 3075 septemdecim
694 3013 818 3072 versus,
842 3013 878 3058 ex
901 2994 1014 3076 quibus
1037 2996 1118 3061 alter
1139 2995 1240 3060 exitus
1263 2998 1395 3074 constat,

278 3097 387 3177 scripti
416 3097 578 3178 leguntur3
607 3102 675 3162 tum
701 3096 808 3162 fabula
833 3098 944 3164 iisdem
965 3098 1093 3165 vocibus
1115 3098 1229 3180 quibus
1252 3099 1284 3162 in
1306 3099 1397 3164 Bem-

278 3197 350 3264 bino
373 3201 547 3282 cetemsque
565 3199 724 3266 codicibus
746 3199 867 3265 finitur:

206 3308 259 3370 16:
341 3301 391 3366 Ne
414 3303 593 3388 ecapeeteb'a
616 3302 690 3366 dum
713 3313 821 3365 eaeant
842 3302 913 3366 buc:
938 3308 1020 3367 intua
1045 3302 1297 3390 despondebr‘tur‚

206 3412 259 3472 17:
342 3407 433 3469 Intus
456 3406 654 3483 tranaa‘qetur,
677 3405 806 3489 siquid
827 3416 872 3470 eat
895 3412 976 3492 quod
997 3417 1099 3470 restet.
1138 3431 1174 3471 ω.
1198 3404 1358 3471 Plaudite.

364 3510 510 3575 Attamen
532 3528 569 3574 ex
584 3507 823 3591 Umpienbachii
845 3508 1047 3575 adnotatione
1070 3528 1132 3574 non
1155 3511 1232 3576 satis
1255 3512 1395 3593 apparet,

278 3617 385 3678 utrum
400 3611 578 3678 Marcianus
594 3616 657 3694 ret
670 3611 895 3678 Ambrosianus
907 3612 927 3675 t
941 3613 998 3678 hos
1014 3612 1093 3679 duos
1109 3632 1219 3679 versus
1231 3615 1286 3696 (16
1298 3617 1331 3678 et
1344 3611 1395 3694 17)

278 3716 444 3782 exhibeant
457 3734 515 3781 nec
533 3735 586 3795 ne3
609 3715 756 3781 videntur
777 3721 883 3782 autem
904 3735 966 3782 non
988 3717 1148 3799 praebere,
1171 3717 1246 3799 quia
1267 3715 1397 3780 verbum

279 3817 433 3904 ‚ponder
463 3819 571 3884 statim
598 3818 660 3884 duo
689 3819 735 3883 illi
764 3825 940 3902 sequuntur
967 3820 1152 3899 hexametri,
1183 3837 1261 3900 qnos
1292 3819 1397 3901 paullo

279 3926 352 3986 ante
373 3921 550 4004 posuimus;
572 3928 736 4004 praeterea
757 3923 789 3988 in
805 3929 910 4003 rante
932 3924 989 3990 hos
1011 3943 1120 3991 versus
1144 3921 1261 4008 (dulcia
1276 3943 1301 3988 e.
1314 3941 1343 4006 q.
1353 3923 1396 4005 s.)

278 4025 505 4107 scriptumest:
532 4023 665 4089 »Publii
677 4027 804 4089 terentii
819 4025 934 4089 andria
944 4027 1039 4111 ¹finit«
1057 4028 1089 4092 in
1101 4026 1121 4089 δ
1135 4030 1208 4109 post
1222 4043 1289 4092 eos:
1314 4025 1398 4088 »An-

347 4231 382 4296 11)
403 4227 491 4298 Umpl.
509 4245 536 4298 p,
548 4233 587 4284 84.
688 4230 723 4296 1ἳ)
742 4230 805 4285 ibid.
903 4232 938 4298 ¹³)
958 4230 990 4286 ln
1008 4231 1097 4299 priore
1116 4229 1191 4285 exitu
1208 4228 1307 4297 legitur
1325 4229 1397 4296 apud

281 4313 370 4383 Umpf.
389 4316 446 4382 ,boc
463 4333 500 4368 me
517 4316 595 4368 iutra*
615 4315 647 4370 cf.
661 4331 687 4385 p.
699 4319 742 4371 81.
