3200 5028
712 335 914 432 ,m

255 559 331 606 esse.
377 540 558 622 Pamphilus
588 557 650 604 uno
665 539 775 604 uerbo
804 538 961 616 ,Memini‘
990 536 1022 600 id
1050 555 1084 601 se
1113 534 1268 600 loctunam
1295 535 1370 600 dicit

254 661 388 724 eumque
402 650 515 722 monet,
540 648 576 708 ut
591 662 695 708 secum
711 642 837 707 domum
859 643 968 720 intret3
991 641 1113 706 Davum
1135 640 1221 704 abire
1243 638 1369 702 domum

253 745 348 810 iubet.
393 747 444 812 lta
471 765 577 811 omnes
606 763 757 826 personae
785 743 929 825 deinceps
959 761 1020 806 non
1047 742 1113 807 siue
1135 745 1220 806 certo
1243 739 1369 804 consiho

254 867 396 912 scaenam
426 849 620 929 rehnquunt‚
651 847 732 913 sicut
757 847 788 910 in
817 847 928 912 ceteris
956 863 1081 928 quoqne
1102 843 1215 908 fabulis
1237 841 1296 906 fit·
1326 841 1371 906 Ut

254 968 328 1015 vero
355 950 508 1015 Charinus
539 951 570 1015 in
599 951 697 1019 exitu,
713 949 838 1014 fabulae
868 949 992 1014 omnino
1022 949 1054 1013 in
1082 967 1226 1013 scaenam
1253 947 1369 1022 redeat,

254 1054 320 1118 sine
335 1053 430 1117 dubio
445 1073 483 1118 ea
503 1073 537 1118 re
559 1053 702 1118 ellectum
724 1059 781 1130 est,
805 1053 889 1135 quod
911 1059 1005 1134 poeta
1026 1056 1120 1116 antea
1141 1052 1207 1116 eius
1229 1049 1370 1132 partibus

254 1174 330 1220 usus
346 1161 424 1232 erat,
440 1161 536 1238 atque
550 1157 608 1220 hoc
623 1155 807 1220 brevissima
821 1156 942 1220 ratione
957 1154 1185 1220 instituendum
1199 1171 1268 1218 esse
1282 1169 1370 1216 nemo

253 1277 316 1322 non
330 1259 498 1341 intelleget.
536 1260 617 1323 Nam
631 1258 786 1339 Pamphili
801 1258 997 1340 Glyceriique
1011 1258 1141 1340 nuptiae
1160 1260 1372 1339 spectatorum
1420 1345 1422 1350 Δ

254 1361 373 1425 animos
388 1363 479 1442 plane
494 1367 616 1439 tenent;
640 1381 675 1426 ac
690 1360 780 1426 facile
795 1363 960 1442 patiuntur
979 1362 1034 1443 qni
1056 1366 1208 1442 spectant,
1231 1359 1258 1424 si
1280 1362 1372 1439 poeta

254 1469 378 1528 tantum
403 1465 601 1547 promittitfll)
625 1465 756 1529 similem
777 1465 936 1529 fortunam
959 1463 1085 1529 Charini
1108 1468 1141 1528 ct
1161 1462 1370 1536 Philumenae,

256 1585 390 1648 quorum
410 1568 538 1648 nuptiae
560 1573 632 1649 post
654 1587 798 1633 scaenam
820 1567 946 1632 futurae
968 1568 1039 1632 sint.

338 1670 429 1733 Prior
456 1669 552 1750 igitur
582 1672 682 1735 exitus
713 1672 855 1752 quamvis
884 1671 986 1735 brevis
1017 1677 1082 1735 tam
1110 1675 1158 1734 est
1180 1668 1371 1744 conscinnns

255 1777 292 1835 ut
320 1771 398 1836 bene
420 1775 584 1838 convenire
606 1775 688 1839 inter
711 1776 828 1839 exitum
850 1780 882 1840 et
904 1775 1042 1855 reliquae
1064 1773 1188 1840 fabulae
1210 1791 1374 1854 argumen-

255 1880 323 1938 tum
353 1894 389 1940 ac
419 1875 653 1957 dispositionem
683 1883 863 1958 rectamque
892 1878 1045 1942 rationem
1074 1877 1156 1942 inter
1183 1876 1240 1942 has
1268 1881 1373 1958 partes

256 1977 448 2044 intercedere
471 1984 592 2043 etcum
615 1986 683 2044 arte
704 1985 816 2061 poetae
837 1999 909 2048 eum
931 1979 1102 2060 congruere
1124 1985 1284 2060 appareat.

339 2082 382 2145 At
396 2087 505 2147 contra
519 2081 571 2146 ille
594 2081 674 2146 alter
695 2083 797 2146 exitus
819 2083 980 2148 verbosior
1001 2101 1102 2163 neque
1124 2087 1308 2162 argumento
1330 2080 1374 2146 fa-

211 2236 223 2259 N
256 2183 348 2248 bulae
368 2201 469 2264 neque
489 2182 685 2264 dispositioni
707 2185 858 2264 convenit,
882 2185 937 2250 sed
958 2185 1084 2250 vacillat
1106 2184 1322 2266 claudicatque
1342 2184 1374 2246 in

257 2287 433 2366 sententiis3
457 2293 489 2351 et
511 2306 545 2352 re
567 2307 642 2354 vera
663 2289 777 2353 mirum
799 2289 932 2367 videtur,
956 2289 1041 2370 qnod
1062 2307 1152 2356 nemo
1175 2308 1297 2366 eorum,
1321 2288 1374 2369 qui

257 2390 339 2454 hunc
361 2390 477 2454 exitum
493 2390 637 2455 Terentio
659 2391 848 2472 tribuerimt
872 2393 1055 2458 offensiones
1077 2393 1170 2458 huius
1192 2393 1293 2458 exitus
1316 2391 1375 2456 ele·

258 2492 376 2558 vendas
398 2493 457 2557 sibi
478 2495 611 2576 putavit,
635 2515 713 2577 quas
736 2500 768 2560 et
789 2495 892 2561 inesse
913 2497 976 2561 iam
991 2496 1179 2562 Ritschelius
1201 2495 1323 2560 dixerat
1344 2499 1375 2558 et

259 2613 276 2658 e
298 2595 365 2660 sola
386 2596 553 2661 verborum
575 2599 754 2680 corruptela
774 2598 900 2664 fluxisse
921 2617 1012 2664 nemo
1035 2605 1186 2665 autumet.

343 2697 581 2766 Consideremus
603 2702 666 2766 iam
688 2702 820 2783 singula,
842 2703 875 2765 in
897 2701 1010 2783 quibus
1033 2701 1226 2768 offendimus.

343 2806 388 2870 Ac
417 2805 551 2886 primum
581 2806 707 2888 quidem
736 2825 798 2871 uon
825 2824 993 2886 possumus
1021 2824 1083 2869 non
1105 2806 1226 2884 mirari,
1253 2802 1376 2885 quade

260 2927 356 2973 cansa
383 2909 509 2975 tandem
532 2911 678 2976 Chremes
708 2911 740 2974 in
770 2928 915 2976 scaenam
942 2909 1066 2988 redeat,
1097 2910 1213 2990 quippe
1239 2909 1375 2989 quinon

260 3012 375 3078 habeat
390 3014 474 3095 quod
489 3020 576 3096 agat:
599 3033 710 3095 nempe
725 3014 812 3078 nulla
827 3014 889 3078 aha
907 3001 1012 3092 cansa,
1035 3011 1095 3077 nisi
1117 3017 1154 3076 nt
1175 3012 1255 3077 alter
1276 3010 1376 3074 exitus

261 3116 312 3196 agi
333 3117 440 3198 possit.
482 3120 591 3201 Neque
614 3136 687 3183 vero
709 3116 742 3180 id
764 3116 981 3196 intellegimus,
1005 3115 1059 3196 qui
1080 3114 1261 3196 Pamphilus
1284 3111 1378 3178 Chre

260 3219 336 3283 meti
351 3221 475 3285 exeunti
491 3221 593 3288 dicere
607 3220 708 3303 possit
723 3233 762 3299 ‚te
782 3219 1009 3304 eaepectabam‘
1034 3238 1105 3284 cum
1126 3219 1193 3284 sine
1212 3217 1305 3281 dubio
1328 3233 1378 3278 ex·

262 3326 438 3402 spectemus
467 3322 532 3389 sere
560 3325 637 3390 haec
667 3335 705 3401 ‚te
728 3321 920 3406 eapctebcm‘
950 3322 999 3386 vel
1022 3323 1066 3401 ‚ia
1089 3333 1223 3406 tempore
1244 3321 1313 3403 ipae
1335 3323 1379 3378 rai

262 3427 403 3488 advenia‘
420 3427 470 3510 (ut
484 3428 521 3505 V,
539 3430 567 3506 6,
586 3428 649 3509 10.)
665 3425 713 3491 vel
730 3437 767 3504 ,te
783 3425 940 3488 convenire
955 3425 1052 3488 oolai‘
1076 3425 1124 3488 vel
1139 3423 1201 3487 alia
1216 3418 1377 3497 eiusmodi3

261 3548 334 3592 nam
356 3529 483 3594 domum
504 3530 694 3595 intrantibus
714 3528 875 3610 Pamphilo
899 3527 1095 3608 Charinoque
1118 3526 1264 3590 Chremes
1287 3523 1377 3587 domo

263 3631 424 3712 egrediens
451 3634 555 3699 subito
583 3632 706 3698 obviam
733 3631 779 3695 ic·
813 3630 933 3696 Deinde
962 3630 1053 3711 plane
1080 3629 1187 3711 inepta
1208 3632 1281 3693 sunt
1302 3625 1379 3716 haec

262 3734 416 3817 Pamphili
446 3737 542 3801 verba
566 3735 755 3822 »Operam
778 3734 874 3796 dedi
894 3756 918 3796 c.
934 3755 962 3819 q.
978 3755 1022 3795 a«
1048 3750 1119 3797 cum
1141 3731 1242 3796 adhuc
1263 3749 1303 3795 ne
1324 3729 1379 3794 mi·

333 3998 368 4064 87)
386 3994 419 4052 cf.
438 3994 536 4049 Donat.
561 3993 595 4047 ad
614 3993 646 4059 V,
664 3996 693 4047 6:
717 3991 761 4058 ,Ia
784 3991 830 4044 doc
851 3999 911 4042 ectu
932 3988 999 4040 mira
1021 3995 1076 4039 arta
1098 4003 1129 4038 ea
1155 3994 1330 4052 praeerectam
1348 3984 1380 4037 de

267 4083 397 4138 comoedia
419 4082 526 4134 moder
551 4079 712 4146 explicantur
735 4086 757 4129 ct
774 4077 940 4144 deciperentur
957 4075 1065 4125 ducrum
1083 4072 1207 4124 sociorum
1225 4072 1298 4124 dinae
1315 4089 1380 4138 nup·

265 4171 334 4222 tioc‘
361 4170 395 4222 cf.
420 4168 500 4221 etiam
517 4164 618 4220 Klotuii
642 4162 841 4217 mactationem
866 4159 900 4214 ad
918 4158 949 4226 V,
967 4162 997 4226 b,
1018 4161 1048 4212 16
1070 4157 1109 4224 (in
1131 4156 1192 4210 edit.
1215 4174 1241 4226 p.
1262 4157 1380 4225 190191);

265 4260 353 4308 minen
372 4253 484 4307 alterum
504 4251 604 4304 exitum
621 4254 719 4316 poetae
737 4246 866 4302 vindicati
886 4249 921 4313 (p.
935 4243 982 4313 XI,
1000 4261 1027 4313 p.
1041 4247 1093 4310 13.)
