3200 5028
737 345 940 441 ,31-

280 551 370 618 facile
392 552 574 634 explicatur,
598 549 625 622 si
646 553 804 632 putamus,
827 549 912 616 viros
934 547 1052 626 doctos,
1075 547 1130 628 qui
1152 545 1275 612 tabulas
1298 565 1402 612 racen-

279 656 403 733 111111,
427 654 506 720 illud
528 653 694 736 exemplar,
718 653 835 734 inquo
858 653 939 717 alter
961 651 1062 718 exitus
1084 651 1221 732 scriptus
1244 655 1322 728 erat,
1346 653 1402 714 aut

279 759 404 839 assequi
425 777 488 822 non
509 756 650 839 potuisse
673 760 812 822 autnon
834 754 967 820 novisse.

365 861 472 938 Qualis
488 863 594 924 autem
610 859 642 924 in
657 858 716 923 hoc
738 857 907 939 exemplari
930 858 1011 922 alter
1032 857 1133 924 emtus
1156 856 1251 922 brerit
1272 860 1304 922 11
1326 873 1402 936 qno-

280 964 373 1030 modo
404 965 437 1029 in
459 963 597 1045 quinqua
619 963 689 1027 illos
711 960 833 1028 codices
855 962 988 1040 venerit,
1012 960 1278 1028 coniecturalem
1300 958 1402 1039 colligi

280 1065 453 1150 potestffl).

366 1169 475 1250 Neque
503 1169 586 1236 enim
614 1168 690 1234 mihi
722 1167 884 1250 probabile
912 1167 1049 1246 videtur,
1079 1186 1151 1232 eum
1177 1167 1221 1232 ibi
1242 1165 1403 1246 commode

282 1291 352 1338 cum
376 1271 631 1338 antecedentibus
654 1272 796 1337 versibus
818 1271 1018 1336 coniunctum
1040 1269 1146 1350 111111
1170 1272 1214 1338 sic
1237 1275 1274 1334 ut
1295 1270 1370 1336 stati

282 1375 333 1456 agi
348 1380 464 1456 posset,
487 1375 544 1440 sed
558 1375 663 1458 potius
678 1374 741 1438 iam
756 1374 788 1440 in
807 1375 861 1438 illo
884 1374 1053 1457 exemplari
1075 1373 1185 1440 eadem
1207 1371 1316 1452 forma,
1339 1391 1404 1454 qua

282 1496 365 1544 nuno
387 1482 445 1556 est,
469 1478 594 1544 videtur
615 1478 751 1558 scriptus
774 1475 879 1542 11111.

367 1581 424 1646 Illa
446 1585 561 1660 eutem,
585 1581 639 1662 qni
660 1581 780 1662 primus
801 1580 860 1646 hoc
882 1581 1040 1662 exemplar
1061 1581 1093 1645 in
1116 1579 1260 1646 manibus
1282 1578 1402 1656 habuit

283 1683 448 1766 exscripsit
464 1687 502 1748 ll
518 1685 567 1750 vel
584 1687 622 1750 18
642 1685 713 1750 illos
736 1684 877 1752 codicum
899 1703 1018 1763 versus,
1041 1683 1176 1750 fortasse
1199 1682 1308 1748 addita
1329 1685 1405 1748 nota

284 1809 354 1864 ‚noc
383 1787 543 1864 Tarcatit‘,
573 1806 644 1852 oum
674 1792 730 1853 aut
757 1787 834 1852 nihil
862 1787 923 1852 nisi
950 1787 1020 1854 illos
1049 1806 1160 1854 versus
1187 1786 1230 1853 ibi
1252 1785 1405 1866 scriptum

283 1889 466 1967 invenisset,
498 1895 555 1954 aut
582 1890 637 1956 illa
665 1909 745 1972 quaa
772 1890 925 1956 adnotata
953 1895 1056 1968 erant,
1086 1891 1118 1956 in
1145 1909 1239 1956 usum
1261 1891 1404 1954 actorum

285 1993 437 2060 adnotata
457 1994 636 2075 nulliusque
657 1994 806 2060 momenti
829 2011 898 2060 esse
919 1998 1008 2060 ratus
1031 1994 1192 2060 omitteret
1213 2010 1315 2074 neque
1336 1991 1404 2072 ipsa

286 2096 438 2165 adnotare
459 2102 575 2179 posset,
598 2115 661 2179 quo
683 2097 751 2164 loco
774 2115 885 2164 versus
907 2096 1064 2164 inserendi
1086 2100 1200 2164 assent.

783 2419 908 2502 VIII.

446 2575 542 2683 Quo
573 2587 764 2689 tempore
795 2579 944 2690 scripti
975 2580 1061 2662 sint
1092 2606 1253 2664 versus.

372 2797 485 2862 Restat
506 2801 543 2862 ut
565 2815 627 2878 quo
649 2800 790 2878 tempore
812 2795 920 2879 scripti
943 2795 1006 2862 sint
1027 2815 1136 2862 versus
1160 2814 1360 2879 exponamus.
1474 2849 1476 2856 ,

374 2899 562 2966 1111111111
591 2904 624 2964 11
644 2899 799 2964 Daiatzko
829 2900 959 2965 eandem
988 2900 1154 2965 dictionem
1182 2897 1409 2977 adorantem

290 3002 419 3068 credant
434 3003 526 3067 alter:
543 3001 660 3068 exitum
676 3003 878 3068 tribuendum
894 3021 962 3068 esse
979 3003 1005 3067 si
1025 3022 1087 3067 non
1102 3002 1247 3068 Terentio
1271 3006 1410 3067 attamen

289 3111 400 3188 poetae
428 3104 514 3170 haud
542 3105 641 3170 multo
670 3105 907 3188 posteriori¹¹³),
936 3107 1028 3174 alter:
1060 3125 1132 3173 eum
1161 3105 1314 3187 scriptum
1341 3124 1410 3171 esso

290 3209 331 3274 ll.
347 3228 376 3290 p.
394 3207 465 3272 Chr.
483 3227 518 3286 1.,
542 3208 592 3284 cui
614 3208 709 3275 etiam
730 3209 893 3290 periochas
916 3209 965 3274 vel
987 3212 1174 3292 argumenta
1191 3208 1410 3298 Plautinarum

269 3305 323 3378 ’11
341 3310 600 3378 Terentianarum
621 3311 800 3377 tabularum
822 3312 999 3378 debeamus.
1038 3311 1196 3377 Braunius
1219 3316 1325 3378 autam
1347 3313 1409 3394 qui,

291 3413 447 3496 quomodo
469 3420 552 3479 nunc
574 3415 737 3481 constituti
759 3416 822 3481 sint
843 3435 967 3496 versus,
990 3415 1017 3481 si
1040 3415 1261 3494 deliberamus,
1285 3417 1410 3482 omnino

291 3536 353 3582 non
374 3517 546 3582 asseverari
568 3526 660 3599 posse
682 3521 783 3599 putat,
806 3523 914 3584 utrum
937 3520 1018 3585 bono
1041 3538 1081 3584 11
1103 3519 1195 3596 malo,
1219 3519 1348 3600 antiquo
1371 3537 1412 3583 11

291 3638 371 3686 novo
387 3624 499 3702 poetae
514 3619 672 3685 tribuendi
687 3621 759 3700 sint,
783 3641 835 3688 111
851 3623 900 3688 vel
919 3623 973 3688 IV.
989 3642 1019 3705 p.
1037 3622 1108 3688 Chr.
1125 3641 1150 3687 1.
1174 3622 1307 3704 scriptos
1330 3623 1411 3688 vult:

292 3743 365 3791 nam
379 3723 494 3790 mirum
516 3723 624 3803 videm,
647 3725 675 3790 si
689 3725 759 3792 VII.
777 3744 804 3791 1.
821 3745 852 3790 1.
869 3745 893 3791 s.
917 3745 1026 3796 versus
1043 3726 1207 3810 compositi
1222 3732 1335 3808 essent,
1358 3745 1412 3796 eos

366 3931 413 3989 ¹¹²)
432 3930 509 3998 Quod
522 3930 649 3985 (11111111
662 3931 687 4000 (l.
700 3931 717 3984 l.
731 3947 756 3999 p.
769 3931 831 3999 270)
844 3929 918 3997 dicit,
936 3945 988 3984 non
1006 3929 1134 3984 credibile
1151 3946 1217 3998 1111,
1236 3937 1292 3986 tam
1310 3933 1413 4002 amplas

295 4024 389 4089 partes
401 4015 514 4071 scaenici
527 4017 687 4087 exemplaris
697 4017 813 4084 margini
826 4015 977 4085 adscriptas
989 4016 1079 4082 luisse,
1097 4017 1166 4070 haec
1184 4016 1314 4072 dubitatio
1334 4017 1413 4072 facilc

296 4100 490 4166 tollitur,'cum
502 4102 615 4157 alterum
634 4103 736 4160 exitum
755 4109 817 4171 post
834 4101 941 4157 fabulae
959 4101 1046 4171 finem,
1066 4103 1111 4158 nbi
1129 4103 1185 4158 sine
1204 4103 1283 4159 dubio
1302 4105 1414 4160 multum

294 4191 346 4245 luit
364 4189 455 4259 spatii,
472 4189 600 4258 scriptum
618 4189 700 4244 tuisse
718 4189 907 4244 existimomus.
1011 4191 1058 4257 ¹¹⁸)
1073 4191 1104 4246 In
1123 4190 1236 4245 1111111
1254 4195 1413 4246 sententiam

295 4276 402 4338 iverunt
420 4275 532 4347 Hesper,
553 4276 692 4349 11123.
711 4275 828 4334 Hoalaar
844 4275 890 4328 11.
904 4291 931 4348 p.
943 4279 968 4334 2.
