3200 5028
743 395 782 456 27

204 617 284 679 quae
300 617 397 678 supra
416 596 455 662 dc
470 598 638 662 Ritschelio
662 597 804 662 diximus.
842 596 961 661 Deinde
983 596 1044 660 iam
1067 596 1144 661 satis
1167 616 1323 679 superque

204 698 375 765 reditatum
397 719 465 765 esse
487 706 643 781 putamus,
665 701 750 782 quod
764 700 793 765 ei
808 719 964 765 summum
980 700 1261 781 gravissimumque
1275 720 1323 764 ar·

205 809 386 886 gumentum
409 808 470 869 est:
491 803 655 884 prologum
678 804 769 868 alteri
784 823 803 868 a
817 807 911 884 poeta
925 802 993 883 ipso
1009 801 1109 866 factae
1126 801 1240 866 actioni
1255 821 1323 866 esse

204 907 414 971 tribuendum.
453 908 522 985 Qua
538 927 572 972 re
587 909 706 972 corruit
721 908 815 972 etiam
830 906 909 970 illud
923 905 1006 988 quod
1024 905 1207 986 Spengebus
1222 907 1323 970 conie-

204 996 260 1076 cit:
276 1011 456 1075 Terentium
472 1011 513 1076 ad
528 1011 660 1076 alteram
674 1010 759 1075 illam
772 1011 925 1079 actionem
937 1008 1111 1073 breviorem
1123 1007 1321 1092 [longiorem

205 1114 439 1199 Wagnerusllss
454 1115 563 1180 iecisse
574 1114 706 1193 enitnm3
722 1131 913 1195 quamquam
924 1131 1014 1177 nemo
1026 1111 1154 1192 negabit
1168 1111 1322 1192 longiores

204 1217 380 1282 fabularum
407 1222 512 1299 partes
539 1218 633 1282 etiam
660 1219 780 1300 priores
801 1235 869 1282 esse
891 1216 991 1280 solere
1012 1233 1114 1297 neque
1135 1212 1224 1277 facile
1245 1213 1321 1290 fieri,

204 1327 241 1385 ut
268 1340 287 1384 a
313 1328 408 1402 poeta
433 1320 539 1386 fabula
568 1321 682 1386 iterum
705 1320 827 1404 agenda
849 1323 1003 1400 augeatur
1024 1318 1129 1399 potius
1152 1335 1247 1398 quam
1269 1318 1323 1381 mi·

204 1430 330 1489 nuatur.

288 1526 367 1590 Tum
389 1527 473 1608 quod
488 1527 653 1590 Plautinae
667 1525 798 1590 Poenuli
820 1522 959 1604 exemplo
982 1523 1093 1598 utitur,
1116 1522 1204 1586 cuius
1227 1523 1322 1602 gemi-

205 1648 264 1693 nus
295 1636 399 1695 exstat
420 1632 535 1711 exitus,
563 1649 653 1695 nemo
677 1630 845 1695 crediderit
866 1629 918 1694 illo
941 1629 1082 1710 exemplo
1105 1628 1322 1705 demonstrari,

205 1736 373 1813 utrumque
394 1733 532 1797 Andriae
559 1734 676 1797 exitum
703 1752 772 1798 esse
794 1733 945 1811 Terentii;
973 1737 1138 1813 praeterea
1159 1751 1215 1812 pro
1237 1738 1322 1797 certo

205 1834 347 1916 sumpsit,
360 1836 445 1917 quod
457 1837 735 1902 demonstrandum
747 1841 827 1900 erat:
845 1837 976 1901 alterum
993 1836 1110 1900 exitum
1125 1852 1194 1898 esse
1205 1835 1323 1916 Plauti;

204 1938 298 2002 immo
313 1938 419 2003 Plauti
433 1959 494 2004 non
510 1944 567 2018 est,
584 1940 668 2021 quod
683 1940 808 2021 egregie
822 1939 878 2004 Th.
894 1939 1026 2019 Hasper.
1044 1937 1321 2021 demonstratur).

289 2041 430 2122 Denique
457 2060 648 2123 quamquam
671 2043 836 2124 Spengelio
859 2041 1007 2119 concedo,
1031 2045 1161 2123 propter
1182 2041 1323 2107 codicum

206 2144 341 2207 rationes
357 2163 469 2224 parum
483 2145 645 2226 probabile
661 2164 738 2222 esse,
762 2145 831 2209 illos
847 2163 956 2210 versus
972 2145 1011 2209 ab
1027 2145 1132 2226 aliquo
1147 2145 1214 2208 viro
1231 2145 1321 2210 docto

204 2262 273 2309 esse
287 2244 439 2328 saetoso),
463 2252 568 2312 tamen
583 2247 637 2311 illa
657 2267 690 2311 re
706 2248 842 2313 Terentii
865 2266 918 2312 eos
941 2266 1009 2312 esse
1031 2247 1207 2312 confirmari
1228 2268 1322 2331 neg03

205 2365 306 2427 neque
327 2368 401 2414 vero
423 2350 497 2414 mihi
520 2351 711 2432 persuadere
733 2371 875 2433 possum,
898 2358 935 2416 ut
956 2371 1009 2417 eos
1031 2353 1077 2416 ita
1098 2351 1232 2416 traditos
1255 2372 1322 2418 esse

206 2451 353 2531 arbitrer,
377 2458 414 2517 ut
435 2472 454 2517 a
476 2455 636 2531 Terentio,
661 2473 732 2518 cum
755 2453 892 2519 fabulam
913 2454 1027 2519 iterum
1051 2473 1144 2534 agere
1165 2454 1266 2532 vellet
1290 2456 1321 2518 in

205 2555 374 2620 resecando
401 2556 526 2622 fabulae
546 2557 607 2622 fine
629 2556 743 2622 abiecti
765 2563 879 2622 essent.
923 2558 1004 2622 Nam
1027 2558 1054 2622 si
1075 2558 1120 2620 ita
1141 2576 1192 2621 res
1214 2575 1248 2622 se
1270 2558 1324 2621 ha-

205 2659 302 2738 beret,
324 2661 460 2741 primum
476 2661 538 2725 duo
558 2661 658 2726 exitus
681 2680 780 2724 unum
803 2661 997 2742 eundemque
1019 2658 1143 2724 fabulae
1166 2665 1323 2725 extremae

205 2781 329 2828 versum
349 2765 489 2846 excipere
513 2765 674 2829 deberent:
698 2783 808 2830 versus
831 2769 936 2828 autem
959 2764 1089 2844 aliquos
1113 2763 1168 2843 qui
1189 2763 1323 2827 alterum

205 2865 323 2930 exitum
353 2885 423 2931 cum
450 2865 556 2932 fabula
578 2873 663 2932 recte
685 2868 922 2947 coniungerent,
952 2885 1009 2947 per
1030 2866 1157 2931 inscitus
1179 2867 1323 2931 librarios

206 2968 337 3034 omissos
359 2989 428 3035 esse
450 2970 534 3035 credi
555 2971 673 3051 nequit.
716 2971 836 3036 Deinde
858 2989 941 3044 vero,
965 2971 997 3034 id
1019 2970 1104 3052 quod
1126 2971 1239 3035 summi
1260 2989 1331 3033 mo-·

206 3071 303 3135 menti
317 3077 374 3148 est,
398 3073 483 3136 nullo
498 3078 590 3154 pacto
612 3074 750 3156 intellegi
773 3078 887 3155 potest,
911 3073 965 3155 qui
987 3071 1104 3138 factum
1126 3074 1177 3152 sit,
1200 3078 1237 3138 ut
1257 3091 1324 3137 ver-

205 3192 259 3237 sus
286 3173 319 3238 in
341 3173 478 3256 quinque
500 3175 574 3242 solis
596 3176 685 3242 libris
707 3178 807 3259 iisque
831 3177 1037 3241 deterioribus
1059 3178 1270 3242 scriberentur
1291 3176 1324 3240 in

206 3275 333 3357 reliquis
350 3278 583 3357 omitterentur;
606 3299 679 3344 nam
693 3281 724 3358 ii,
748 3281 802 3361 qui
818 3282 950 3362 septimo
973 3301 1000 3345 a.
1018 3301 1048 3344 u.
1072 3282 1196 3346 saeculo
1212 3281 1324 3346 Teren·

206 3377 308 3444 tianas
323 3378 445 3446 fabulas
461 3381 662 3462 collegerunt,
686 3383 752 3448 sine
768 3383 863 3447 dubio
879 3384 960 3449 sicut
974 3385 1115 3467 Hecyrae
1134 3382 1323 3466 prologos²⁶)

211 3499 324 3508 ——-..
336 3503 410 3509 -.--.

278 3549 315 3616 ⁷³)
333 3551 366 3603 ci.
379 3566 460 3619 supra
477 3569 502 3619 p.
516 3555 549 3605 22
556 3567 593 3620 sq.
624 3551 655 3604 ln
674 3551 737 3605 edit.
755 3557 844 3606 autern
857 3552 1008 3620 Cantabrig.
1027 3571 1053 3621 p.
1065 3557 1115 3608 309
1135 3553 1229 3607 eadem
1242 3551 1324 3619 Wag-

210 3635 265 3688 neri
285 3642 327 3689 est
343 3638 483 3706 sententia,
502 3653 571 3704 quae
584 3638 729 3705 Spengelii,
748 3645 774 3692 et
792 3639 913 3707 sequitur
930 3638 966 3691 ibi
978 3637 1010 3692 G.
1024 3639 1202 3692 Hermannnm
1221 3635 1323 3691 1111111-

211 3719 304 3774 schelii
321 3720 428 3788 Parerg.
449 3722 527 3790 epim.
553 3741 580 3791 p.
593 3725 650 3777 604.
742 3723 848 3788 14)1.1.
868 3723 900 3776 ci.
920 3722 1047 3776 etiami).
1067 3723 1102 3776 M.
1122 3722 1263 3777 Francken
1282 3725 1323 3785 ,de

211 3807 322 3858 Pacuuii
336 3809 522 3874 composicione.
550 3809 732 3877 Mnemosyne.
744 3812 817 3864 1876.
837 3809 887 3863 rol.
898 3809 943 3862 lv.
963 3825 988 3877 p.
1002 3812 1134 3864 146-175
1147 3815 1174 3862 et
1186 3808 1217 3862 G.
1231 3809 1323 3863 Goeta

207 3891 235 3943 in
253 3896 305 3944 act.
324 3890 396 3959 Lips.
418 3895 490 3946 1876.
529 3893 580 3948 rol.
592 3893 637 3946 Vl.
672 3909 698 3961 p.
709 3897 768 3948 253.
787 3897 845 3948 267.
865 3897 923 3947 326.
1044 3895 1081 3963 i⁵)
1100 3893 1132 3948 ci.
1151 3894 1221 3948 inira
1239 3911 1264 3963 p.
1282 3898 1323 3949 85.

207 3977 243 4042 16)
260 3976 373 4030 Etiamsi
387 3977 420 4031 Η.
435 3977 617 4033 Scbindlerum
636 3980 714 4044 (obss.
734 3981 792 4033 crit.
812 3987 839 4034 et
856 3981 917 4036 hist.
935 3980 962 4033 in
975 3981 1035 4034 Ter.
1049 3980 1108 4035 Hal.
1123 3983 1195 4046 1881,
1214 3983 1324 4048 1139-

208 4065 254 4128 58)
272 4069 379 4116 secutus
396 4063 546 4131 putaveris:
571 4064 694 4132 Hecyrae
712 4065 838 4133 prologos
856 4065 890 4118 ab
908 4065 1030 4119 Ambivio
1049 4065 1185 4132 Turpione
1203 4064 1323 4119 Terentii

210 4147 361 4203 fabularum
373 4153 464 4202 actore
476 4163 535 4202 esse
548 4150 712 4219 conscriptos
724 4151 910 4220 Hecyramqne
924 4151 957 4204 ab
970 4166 1002 4204 eo
1014 4151 1138 4216 (alterum
1158 4156 1185 4205 et
1203 4150 1322 4216 tertium)

210 4233 238 4286 in
249 4247 371 4286 maenam
385 4232 483 4288 editam
496 4234 610 4289 cumbis
626 4236 752 4305 prologis,
771 4251 831 4290 cnm
844 4236 986 4290 Terentius
1004 4237 1056 4289 iarn
1074 4237 1101 4289 in
1114 4235 1227 4291 Graecia
1244 4242 1324 4303 esset,

210 4322 300 4372 umen
319 4317 426 4371 minima
444 4323 539 4373 mirum
558 4325 612 4388 est,
629 4320 678 4375 hos
696 4321 821 4390 prologos
838 4321 865 4374 in
885 4336 975 4376 omnes
993 4320 1099 4376 codices
1116 4325 1240 4390 receptos
1258 4335 1323 4387 esse,

209 4403 272 4473 qnia
290 4403 348 4474 ipsa
365 4403 485 4458 Terentii
502 4409 591 4460 aetate
609 4404 765 4462 ferebantur
782 4435 814 4448 -
831 4409 855 4460 si
873 4406 951 4462 modo
969 4407 1008 4461 ita
1025 4421 1068 4461 res
1086 4420 1115 4461 se
1133 4405 1222 4460 babet.
