3200 5028
818 377 858 441 14

277 580 361 661 philo
388 585 534 645 exoratus
556 577 691 645 Charino
717 579 830 661 pavide
852 579 970 644 amanti
991 579 1206 646 Philumenam
1227 581 1322 646 filiam
1344 581 1396 646 de-

277 683 438 764 spondeat.
475 683 595 748 Deinde
616 682 649 746 id
670 687 779 763 patere
801 682 934 761 videtur,
957 687 1052 748 612.
1076 684 1117 768 (31
1138 684 1343 750 Ritsohelium
1365 689 1398 749 et

278 785 521 865 Fleckeisenum
544 806 572 849 v.
591 789 627 849 11
645 785 672 851 31
687 783 968 867 Umpienbaohium
983 787 1136 870 sequeris)
1152 788 1267 854 mutari
1290 805 1397 852 nume-

278 907 386 954 rorum
413 907 510 971 genus
539 890 597 968 ita,
626 895 663 953 ut
683 889 858 956 trochaicos
880 891 1073 971 septenarios
1095 891 1250 972 excipiant
1272 889 1396 968 senarii,

279 1009 469 1074 quamquam
492 991 580 1056 codd.
603 992 759 1073 longiores
781 992 933 1074 praebent
949 1012 1072 1059 ¹versus.

362 1094 420 1160 His
442 1093 616 1159 rationibus
639 1094 943 1177 63111113616116311),
960 1095 997 1160 G.
1013 1095 1267 1179 Hermannus²³)‚
1290 1096 1398 1162 Fleck-

279 1195 459 1279 613666311),
482 1195 684 1280 Klotzius²⁵),
708 1197 939 1280 Wagnerusr),
962 1198 1278 1282 Umpfenbacniust),
1302 1198 1398 1281 Spen-

279 1300 378 1383 gelius
386 1299 424 1382 11)
440 1300 493 1364 alii
513 1300 610 1374 verba
631 1300 686 1365 illa
708 1306 858 1383 corrupte
878 1302 1044 1367 emendare
1066 1303 1170 1368 eonati
1192 1307 1280 1382 sunt;
1303 1307 1398 1384 atque

279 1405 325 1470 ita
353 1403 611 1483 emendaverunt,
639 1408 676 1468 ut
702 1423 739 1468 en
766 1405 986 1486 septemdecim
1014 1411 1071 1470 aut
1098 1405 1311 1486 duodeviginti
1337 1405 1398 1470 illis

279 1507 431 1586 versibus,
454 1526 533 1590 quos
554 1507 706 1590 praebent
727 1507 857 1586 codices,
880 1507 992 1573 fierent
1013 1509 1123 1590 viginti
1146 1526 1235 1572 unus.
1279 1506 1398 1584 Quibus

280 1630 317 1676 ex
350 1610 618 1678 emendationibus
649 1612 887 1695 Umpfenbacbii
917 1613 1009 1679 lectio
1043 1630 1233 1695 quamquam
1266 1611 1399 1676 manime

279 1712 404 1777 videtur
424 1713 605 1794 probabilis,
628 1717 703 1797 quia
716 1716 769 1781 ille
791 1735 852 1781 non
875 1721 941 1781 tam
962 1716 1072 1794 multa,
1095 1731 1190 1797 quam
1209 1713 1398 1780 Bitschelius

280 1815 381 1897 etqui
396 1834 467 1880 eum
483 1818 582 1882 secuti
597 1824 679 1897 sunt,
703 1819 824 1885 addidit
838 1824 934 1900 atque
955 1819 1096 1883 codicum
1118 1817 1283 1882 lectionem
1304 1833 1412 1904 quam⁸

280 1919 413 1984 maxime
428 1938 554 1985 servare
568 1922 699 2002 studuit,
719 1928 824 1988 tamen
846 1941 885 1986 ne
906 1922 938 1986 in
960 1922 1027 1987 eius
1049 1920 1175 2003 quidem
1196 1920 1329 1986 lectione
1350 1938 1400 1983 66-

281 2021 440 2102 quiescere
461 2042 637 2105 possumus.

365 2125 436 2190 Duo
459 2132 565 2192 autem
587 2147 696 2194 versus
721 2129 863 2194 136114
884 2128 970 2193 66116
992 2126 1084 2191 modo
1107 2126 1232 2192 restitui
1253 2125 1400 2190 videntur

281 2245 374 2308 posse
392 2265 426 2273 —-
445 2229 522 2295 adeo
539 2232 620 2296 enim
636 2233 775 2314 corrupti
790 2237 864 2297 suut
883 2269 917 2278 -
935 2231 995 2296 nisi
1010 2248 1083 2295 vero
1098 2248 1195 2295 novos
1210 2228 1275 2294 fere
1289 2247 1399 2293 versus

282 2329 403 2396 efficere
417 2332 473 2410 vis,
496 2333 529 2398 id
543 2335 628 2415 quod
650 2334 847 2413 Ritsebelius‚
872 2335 923 2399 alii
945 2333 1094 2411 iecerunt,
1117 2351 1181 2413 qua
1202 2351 1237 2396 re
1251 2329 1399 2412 Umpien-

283 2433 412 2499 bachius
440 2438 597 2502 asteriscis
631 2457 683 2503 eos
712 2436 906 2520 significavit.
958 2437 1020 2502 Sed
1049 2437 1199 2501 hactenus
1229 2434 1267 2499 de
1296 2432 1398 2499 verbis

284 2536 501 2621 versibusque,
525 2539 686 2604 videamus
708 2559 799 2621 nunc,
822 2559 885 2621 quo
908 2540 975 2605 1666
997 2539 1041 2604 illi
1064 2557 1173 2605 versus
1195 2537 1305 2602 inserti
1326 2537 1398 2602 sint.

805 2830 882 2914 IV.

301 2987 395 3092 Quo
426 2989 522 3073 1666
555 2991 728 3072 61166163
761 2992 897 3072 exitus
929 3017 1077 3072 versus
1109 2989 1256 3070 inserti
1289 2987 1385 3070 sint

369 3192 529 3256 Donatum
544 3190 669 3271 quidem
685 3208 737 3255 eos
752 3189 835 3254 inter
852 3192 891 3253 14
906 3193 939 3253 et
955 3190 993 3252 15
1016 3207 1141 3253 versum
1163 3187 1276 3269 prioris
1298 3187 1400 3252 exitus

285 3291 487 3378 interpositos
502 3294 665 3372 invenisse,
683 3297 815 3376 apparet
829 3312 867 3357 ex
882 3292 929 3371 iis,
946 3310 1026 3374 quae
1042 3291 1173 3356 adnotat
1189 3290 1230 3355 ad
1241 3291 1278 3370 V,
1295 3292 1401 3370 o,14.:

290 3410 342 3463 utu
364 3399 455 3462 Dave
486 3399 540 3462 abi
571 3397 708 3478 domium]
739 3396 772 3461 ti
801 3419 908 3460 versuo
936 3419 1032 3480 aeque
1056 3401 1097 3458 od
1118 3396 1205 3457 idum
1228 3403 1402 3478 ,quotam

287 3503 505 3566 didimeam
528 3500 757 3585 (Philumenam
776 3497 1037 3580 6861163661)
1061 3502 1227 3559 oaorem‘
1249 3505 1403 3580 aequetur

292 3605 428 3669 Terentii
455 3627 520 3667 6336
548 3611 623 3668 adeo
655 3615 689 3666 ut
715 3605 750 3667 ia
768 3602 920 3689 plurimis
943 3599 1099 3686 (pluribus
1115 3596 1285 3683 11611663.)
1309 3620 1403 3661 esem·

285 3708 430 3794 pleribus
452 3730 512 3770 ooo
533 3706 789 3792 inferantur³⁰).u

359 3876 429 3944 11)1.
447 3876 464 3930 l.
483 3892 509 3944 p.
523 3879 574 3931 588
586 3891 625 3944 sq.
711 3873 746 3941 11)
764 3873 827 3927 ibid.
846 3888 872 3941 p.
886 3877 936 3929 805
948 3888 1004 3942 sqq.
1091 3871 1127 3941 11)
1144 3873 1171 3925 16
1191 3871 1254 3926 edit.
1272 3870 1325 3924 tab.
1344 3869 1405 3924 Ter.

288 3964 363 4034 Lips.
386 3965 458 4020 1857.
562 3961 598 4026 11)
614 3961 641 4014 16
660 3960 723 4015 edit.
743 3960 868 4014 Andriae.
903 3960 977 4027 Lips.
999 3963 1071 4014 1865.
1173 3956 1209 4023 11)
1226 3959 1253 4009 16
1272 3954 1334 4009 edit.
1352 3955 1404 4009 tab.

289 4049 350 4102 Ter.
388 4048 513 4103 Cantabr.
534 4049 607 4101 1869.
701 4045 736 4111 11)
755 4046 781 4098 16
801 4045 863 4098 edit.
898 4043 986 4098 Berol.
1007 4044 1080 4098 1870.
1170 4042 1205 4108 11)
1223 4043 1251 4096 16
1270 4041 1332 4095 edit.
1351 4042 1405 4094 An·

290 4135 374 4191 driae.
410 4133 498 4188 Berot.
519 4134 593 4188 1875.
678 4130 714 4198 11)
733 4131 748 4184 t
767 4130 783 4182 1.
801 4146 827 4198 p.
841 4134 899 4186 595.
985 4130 1020 4195 ³⁰)
1037 4129 1096 4183 Η66
1114 4127 1224 4182 verbum
1241 4127 1405 4196 ‚inseranmr‘

289 4221 316 4274 in
342 4222 485 4285 ,serantur
507 4218 607 4273 mutari
631 4216 688 4271 vult
710 4215 873 4270 Ritsobelins
897 4214 1015 4270 oodioem
1037 4214 1197 4267 Huisianum
1219 4217 1335 4267 secutus.
1371 4208 1404 4265 61.

290 4307 401 4380 Parem,
435 4322 460 4376 p.
473 4308 532 4360 596.
