3200 5028
832 471 873 533 34

749 557 950 565 mmm-...-

290 672 348 736 mis
370 690 518 736 versuum
536 674 659 736 12-19
676 673 844 737 admodum
866 676 1015 753 corrupta
1037 677 1119 750 sunt,
1143 678 1180 738 ut
1202 674 1408 739 dubitandum

289 776 341 853 sit,
365 794 440 839 num
456 775 514 840 hae
529 775 660 840 mendae
676 776 806 854 auctori,
823 777 1002 858 quicunque
1016 774 1085 854 fuit,
1109 777 1206 841 tribui
1221 777 1343 858 possint
1349 777 1406 857 ¹⁰¹).

289 879 337 941 Ex
353 878 487 943 dictione
508 878 606 959 igitur
626 878 703 942 nihil
725 877 790 944 1111
812 879 944 944 iudicari
966 898 1058 959 posse
1080 885 1157 961 puto
1180 880 1219 944 de
1240 885 1334 961 poeta
1356 879 1409 943 ho-

289 1001 358 1046 rum
382 999 538 1046 versuum.
585 980 646 1046 Sed
669 1001 706 1045 111
729 982 776 1058 iis,
799 1000 878 1063 quas
901 1000 998 1063 supra
1020 982 1197 1061 attulimus,
1222 983 1324 1047 causis
1347 982 1408 1046 iam

289 1084 366 1148 satis
393 1103 545 1166 apparere
568 1084 768 1162 arbitramur,
792 1086 926 1150 alterum
949 1085 1065 1150 exitum
1087 1105 1149 1150 non
1171 1104 1239 1150 esse
1262 1085 1407 1150 Terentii.

373 1186 438 1251 Nec
464 1207 537 1253 vero
561 1187 638 1252 satis
662 1192 711 1252 est
732 1187 898 1268 indagasse
920 1187 1002 1252 hunc
1025 1189 1143 1254 exitum
1166 1207 1234 1253 esse
1257 1187 1407 1269 spurium,

288 1287 366 1351 illud
381 1288 475 1353 etiam
491 1289 705 1370 quaerendum
721 1293 778 1366 est,
795 1290 845 1354 cui
860 1290 1073 1368 vindicandus,
1090 1311 1152 1372 quo
1173 1297 1265 1372 pacto
1284 1309 1410 1372 quoque

289 1395 430 1473 tempore
452 1392 587 1472 scriptus
610 1392 660 1456 sit.
684 1399 686 1402 ’

796 1629 898 1711 VII.

483 1786 665 1872 Cuinam
698 1791 834 1872 exitus
865 1789 1116 1871 tribuendus
1149 1789 1215 1870 sit.

375 2005 554 2084 Quaerenti,
577 2007 631 2086 qui
654 2005 772 2070 factum
794 2005 844 2081 sit,
868 2010 905 2069 ut
926 2023 983 2087 pro
1006 2022 1042 2070 oo
1066 2005 1160 2082 exitu,
1183 2023 1276 2085 quem
1298 2004 1412 2069 Teren-

289 2111 352 2176 tius
367 2111 545 2192 scripserat,
570 2109 649 2174 alius
666 2109 921 2186 substitueretur,
945 2109 1067 2172 nonita
1084 2107 1207 2172 difficile
1223 2112 1271 2172 111
1285 2125 1412 2187 respon·

289 2213 373 2277 dere.
417 2213 449 2277 Is
472 2213 569 2289 enim,
593 2213 647 2293 qui
670 2231 742 2277 eum
764 2210 846 2289 fecit,
870 2216 926 2274 aut
948 2211 1015 2291 ipse
1037 2229 1130 2291 aegre
1153 2209 1227 2274 tulit
1248 2214 1305 2273 aut
1326 2227 1412 2289 spec-

289 2321 408 2381 tatores
428 2315 585 2397 indignari
607 2315 751 2396 putabat,
775 2313 860 2396 quod
875 2313 1011 2378 Charino
1033 2315 1064 2376 in
1081 2313 1216 2377 Terentii
1240 2312 1335 2390 exitu,
1358 2311 1412 2375 ubi

289 2418 354 2484 fere
369 2418 473 2484 nullae
489 2419 555 2483 eius
571 2423 678 2501 partes
699 2423 782 2495 sunt,
805 2418 989 2481 Philumena
1004 2435 1023 2480 a
1037 2415 1199 2497 Pamphilo
1222 2419 1329 2496 spreta
1350 2432 1412 2478 non

289 2523 323 2587 in
340 2542 452 2588 scaena
467 2523 536 2603 ipsa
551 2521 812 2602 desponderetur3
835 2519 952 2601 quade
972 2537 1067 2584 causa
1089 2523 1122 2582 ct
1143 2522 1180 2582 ut
1201 2520 1412 2598 spectatorum

288 2626 418 2708 plausus
447 2625 542 2689 etiam
572 2625 671 2705 magis
701 2622 847 2699 exitaret,
875 2622 961 2686 illam
988 2638 1133 2686 scaenam
1156 2618 1331 2683 addendam
1353 2617 1412 2682 sibi

290 2747 358 2795 esse
380 2729 578 2794 existimavit.

376 2833 481 2914 Atque
495 2831 662 2912 quominus
678 2829 758 2894 hanc
773 2846 918 2894 scaenam
934 2826 1043 2891 eadem
1057 2825 1307 2906 interpolatione,
1331 2841 1413 2905 quae

289 2934 321 2998 111
339 2935 467 3017 reliquis
484 2934 606 3012 accidit,
630 2932 745 2998 factam
760 2951 828 2997 esse
843 2937 999 3012 putemus,
1023 2929 1143 2993 obstat:
1167 2933 1199 2992 et
1214 2927 1298 3008 quod
1314 2925 1415 2991 maior

284 3035 385 3119 'quam
400 3039 472 3103 illae
488 3042 545 3116 est,
567 3042 600 3102 et
614 3035 699 3118 quod
714 3034 853 3100 condicio
875 3034 969 3098 buius
992 3050 1124 3096 scaenae
1138 3049 1267 3112 prorsus
1291 3031 1414 3095 diversa

290 3145 353 3219 est;
383 3161 456 3206 uam
485 3160 556 3205 cum
582 3139 705 3220 reliqua
732 3137 947 3202 additamenta
968 3154 1031 3199 11111
1054 3133 1116 3197 alia
1139 3132 1177 3196 de
1199 3151 1295 3197 causa
1316 3132 1413 3198 incul-

292 3251 454 3319 carentur,
484 3246 545 3309 nisi
574 3249 611 3309 ut
640 3243 800 3325 explerent
828 3259 910 3322 quae
932 3244 988 3302 aut
1010 3258 1044 3303 re
1067 3256 1141 3302 vera
1164 3237 1278 3301 desunt
1299 3234 1412 3298 fabulis

291 3352 349 3411 aut
362 3348 551 3415 videbantur
566 3348 678 3413 saltem
695 3346 811 3422 deesse,
835 3345 893 3408 hac
909 3361 1022 3407 scaena
1037 3340 1159 3405 adiecta
1175 3343 1306 3420 apparet
1320 3338 1414 3402 aliam

291 3448 416 3516 fabulae
438 3457 560 3533 partem
583 3450 759 3516 necessario
782 3447 912 3513 excludi.

375 3555 485 3636 Neque
515 3553 574 3618 hoc
603 3551 852 3617 additamentum
883 3548 923 3613 ad
945 3548 1023 3613 illud
1046 3566 1144 3628 genus
1168 3546 1278 3612 referri
1300 3545 1413 3625 potest,

293 3655 862 3740 1101111130,111ρί11111111111111ί
885 3652 934 3716 vel
957 3649 1265 3734 ,dittopropbicram‘
1290 3647 1414 3712 nomine

293 3760 567 3841 comprehenditur
592 3764 624 3825 et
657 3775 881 3840 saepenumero
915 3757 947 3820 in
975 3753 1129 3819 Plautinis
1157 3753 1270 3817 fabulis
1299 3751 1415 3818 inveni-

291 3861 413 3944 tur¹⁰⁹):
436 3883 510 3928 nam
531 3863 590 3928 hae
606 3862 837 3944 dittographiae
856 3862 905 3925 vel
928 3859 1129 3939 tautologiae,
1152 3875 1234 3938 quae
1257 3856 1412 3931 dicuntur,

262 4053 264 4057 v
290 3964 363 4030 inde
378 3972 466 4031 ortae
482 3971 557 4031 sunt
571 3970 603 4030 et
617 3966 649 4029 11
666 3964 823 4030 codicibus
839 3965 939 4046 iisque
961 3962 1104 4027 omnibus
1126 3961 1305 4038 traduntur,
1330 3960 1414 4042 quod

291 4068 344 4146 illi,
361 4071 416 4151 qui
430 4070 523 4152 primi
538 4067 661 4134 fabulas
673 4069 836 4134 Plautinas
852 4071 1077 4134 recensuerunt
1088 4085 1259 4147 earumque
1274 4064 1414 4129 ordinem

363 4293 411 4356 ¹⁰¹)
430 4290 598 4373 Daiatzlcoll.
619 4292 635 4344 1.
671 4291 830 4360 Spengelius
849 4290 865 4347 l.
885 4290 902 4342 l.
944 4307 951 4319 ¹
988 4287 1035 4355 ¹⁰²)
1054 4289 1087 4343 of.
1107 4287 1138 4342 G.
1157 4288 1241 4343 Goetz
1262 4287 1412 4346 ,111111111-

290 4378 417 4446 proptrea
435 4387 468 4428 im
489 4378 672 4432 Plautustoaele‘
690 4379 751 4434 Act.
771 4377 843 4444 [ripa
865 4378 938 4431 1876.
966 4377 1055 4430 1016.
1083 4391 1109 4443 p.
1123 4377 1266 4430 234—326.
