3200 5028
747 423 783 483 11

668 508 867 518 m

204 621 280 686 dria
294 623 400 706 finit«
445 623 506 691 Sed
529 630 561 690 et
582 644 621 692 66
644 626 739 691 ceteri
761 626 887 708 quidem
909 626 980 692 libri
1002 650 1031 707 a,
1047 627 1114 707 β,ε
1136 629 1212 692 setis
1235 647 1324 693 eccu-

203 731 273 792 rate
288 727 435 810 exscripti
450 727 604 805 videntur,
621 747 722 809 neque
737 728 820 793 enim
835 728 900 793 ulle
914 729 1055 795 lectionis
1078 730 1214 795 varietas
1237 731 1324 796 affer·

204 834 267 908 tur,
292 848 331 894 an
346 834 502 911 putemus,
526 849 632 897 omnes
648 831 677 896 V
693 831 813 896 codices
836 830 893 896 hos
916 851 1025 897 versus
1050 834 1088 896 16
1105 836 1137 897 ct
1153 836 1191 896 17
1214 832 1325 899 iisdem

205 934 309 1002 verbis
331 935 547 1019 praebere¹⁴)?

211 1093 411 1105 ...-—-—---

281 1173 317 1239 14)
335 1171 377 1226 Ad
399 1171 448 1226 hos
466 1171 582 1239 quinque
601 1177 693 1225 sextus
711 1187 797 1241 nuper
815 1173 900 1228 codex
918 1173 1084 1236 accessitis
1102 1189 1154 1243 quo
1173 1173 1269 1227 tertius
1286 1175 1324 1227 in-

211 1258 318 1312 venitur
336 1256 454 1312 Andriae
479 1257 579 1322 exitus,
603 1273 662 1312 cum
682 1256 886 1329 Umpienbechii
909 1260 991 1314 editio
1009 1260 1062 1313 iam
1081 1258 1231 1327 prodiisset.
1268 1259 1326 1313 Rit-

213 1343 328 1400 schelius
340 1343 409 1396 enim
424 1347 538 1412 [parerg.
552 1360 577 1412 p.
591 1345 678 1414 XXX]
694 1360 739 1399 eos
757 1345 862 1399 codices
880 1347 926 1414 qui
945 1346 972 1399 in
991 1345 1153 1400 bibliotheca
1165 1345 1324 1411 Erlangensi

214 1430 366 1484 academica
379 1430 496 1484 numeris
509 1432 541 1486 67
556 1436 583 1484 et
596 1433 646 1485 236
662 1432 747 1484 notati
766 1438 915 1500 serventur,
934 1447 1046 1501 quorum
1065 1431 1185 1486 notitiem
1200 1431 1326 1483 »Doeder-

216 1517 269 1567 lino
287 1515 399 1567 benevole
416 1517 599 1569 intercedente«
620 1525 770 1586 acceperat,
785 1517 944 1572 Altorfinum
963 1526 989 1573 et
1002 1518 1183 1573 Ebnerianum
1202 1533 1260 1571 esse
1279 1533 1326 1585 pu·

213 1606 329 1665 taceret,
355 1613 467 1667 quorum
492 1602 560 1654 alter
578 1603 712 1670 antiquior
729 1601 806 1655 valde
825 1603 933 1656 mutilus
952 1611 978 1656 et
995 1611 1136 1657 truncatus
1154 1610 1240 1670 esset,
1258 1603 1327 1656 alter

215 1685 348 1740 recentior
361 1700 483 1740 scaenam
496 1701 549 1740 666
563 1695 699 1740 extremae
712 1687 831 1744 Animae
851 1689 997 1743 subiectam
1017 1689 1063 1743 sed
1083 1690 1108 1742 in
1126 1689 1213 1756 prims
1230 1688 1327 1742 scheda

214 1787 332 1849 seorsum
356 1772 532 1840 perscriptam
551 1773 701 1841 praeheret.
737 1774 789 1829 Sed
809 1775 881 1828 viros
900 1774 959 1830 illos
977 1775 1144 1830 doctissimos
1163 1790 1263 1840 erasse,
1283 1774 1326 1828 de·

211 1865 340 1913 monstrat
355 1857 485 1911 Henricus
498 1857 601 1912 Keilius
621 1859 658 1926 [in
672 1859 811 1914 Ritschelii
829 1876 919 1929 opusc.
947 1862 997 1916 vol.
1011 1862 1059 1914 ΙΙΙ.
1088 1877 1113 1928 p.
1127 1864 1196 1928 2801,
1215 1861 1261 1928 qui
1279 1875 1327 1914 nos

211 1945 341 2000 certiores
356 1945 428 2014 iacit,
446 1943 564 1998 codicem
582 1961 692 2000 numero
711 1950 761 2002 236
779 1951 860 2014 (nunc
872 1951 936 2013 300>
955 1947 1088 2016 signatum
1106 1962 1158 2000 non
1178 1962 1235 2000 esse
1253 1946 1327 2000 illum

214 2029 405 2092 librariorum,
427 2045 479 2097 quo
500 2029 619 2084 Murrius
640 2047 703 2085 usus
722 2039 771 2100 est,
790 2033 836 2088 sed
856 2034 983 2102 originem
1003 2034 1100 2087 ducere
1119 2048 1152 2086 ex
1170 2035 1327 2100 ,monaterio

211 2120 239 2169 tn
258 2119 433 2181 heilsbronn,
458 2118 502 2172 ubi
526 2119 560 2172 ab
578 2119 702 2174 Hoclrero
721 2121 748 2173 in
767 2115 890 2189 catalogo
909 2122 979 2190 typis
999 2121 1133 2188 descripto
1153 2118 1327 2174 bibliothecae

212 2204 247 2268 ‚in
265 2205 423 2256 heilsbronn‘
448 2204 499 2258 hoc
522 2219 632 2258 numero
657 2208 707 2259 236
730 2211 800 2258 esset
823 2213 938 2260 notatus.
975 2206 1095 2274 Scriptus
1118 2209 1159 2258 est
1182 2204 1225 2258 hic
1243 2203 1328 2258 codex

213 2289 309 2356 partim
330 2291 390 2351 Xl.‚
406 2291 504 2359 partim
523 2290 584 2343 XII.
604 2305 685 2352 saoce
707 2291 786 2358 primi
806 2292 874 2344 enim
893 2291 1104 2346 membranarum
1123 2289 1242 2344 fasciculi
1260 2289 1328 2343 anti·

218 2376 325 2444 quiores
348 2376 471 2430 videntur
494 2391 551 2430 esse
570 2375 749 2444 sequentibus.
785 2377 815 2430 ln
834 2376 886 2431 fine
905 2376 1025 2432 additum
1044 2382 1097 2430 est:
1123 2377 1282 2428 »monasterii
1300 2377 1327 2425 ic

214 2461 395 2513 heilsbrunne:
412 2460 507 2530 quibus
519 2460 654 2514 vocubulis
667 2460 723 2514 sine
742 2461 821 2514 dubio
840 2460 1013 2515 confirmatur
1030 2461 1101 2514 hunc
1119 2460 1235 2514 codicem
1253 2460 1326 2514 nullo

217 2552 296 2614 pacto
320 2561 378 2599 esse
400 2560 478 2614 posse
497 2545 685 2600 Ehueriauum.
722 2549 812 2615 Atque
835 2546 862 2599 in
880 2545 959 2600 huius
977 2546 1076 2601 codicis
1094 2547 1179 2615 prima
1198 2545 1327 2599 schedae

218 2647 298 2686 manu
324 2633 472 2686 recentiore
494 2663 528 2674 -
552 2631 658 2698 eedem,
683 2638 713 2685 ut
735 2633 853 2696 videtur,
873 2648 942 2702 ques
960 2631 1039 2686 finem
1056 2632 1156 2686 codicis
1175 2631 1280 2700 scripsit
1295 2663 1329 2672 -

216 2726 279 2786 post
290 2718 419 2772 nonnulla
431 2717 533 2772 scholia
545 2720 672 2787 scriptum
686 2724 738 2771 est:
759 2719 864 2770 »citima
875 2737 950 2772 scene
968 2720 996 2770 ta
1014 2718 1109 2770 eadit
1137 2716 1198 2770 Vita
1210 2717 1328 2772 Terentii

219 2819 272 2858 nou
285 2803 354 2858 inest
372 2805 399 2857 in
417 2803 517 2866 codice,
537 2804 583 2858 sed
601 2804 627 2857 in
646 2803 732 2858 tribus
750 2804 850 2858 ultimis
867 2805 972 2873 paginis
990 2803 1064 2857 uaris
1083 2803 1213 2872 quaedam
1230 2804 1329 2857 inveni-

216 2903 275 2943 mus
288 2889 397 2958 scholia,
410 2905 523 2959 quarum
535 2889 632 2944 tertiae
647 2897 782 2943 extremae
799 2890 867 2944 haec
885 2890 1030 2943 adduntur:
1051 2891 1202 2942 »secandam
1220 2891 1329 2942 servium

220 2975 260 3026 VI
285 2976 373 3027 titulus
387 2977 480 3049 ¹operis
504 2977 616 3040 qualitas
641 2976 760 3026 carminis
782 2977 886 3027 intentio
910 2976 1042 3028 scribentis
1067 2993 1186 3027 numerus
1208 2975 1329 3028 librorum

219 3064 282 3115 ordo
292 3063 412 3114 librorum
431 3062 482 3112 vita
499 3069 610 3126 poetae«
640 3059 753 3113 sortasse
771 3059 852 3128 igitur
870 3060 932 3114 olim
950 3061 1050 3128 scripta
1069 3066 1127 3114 eret
1145 3061 1205 3124 ,cito
1221 3062 1330 3125 poctae‘3

218 3165 297 3218 quam
319 3149 442 3202 lacunam
467 3145 678 3214 antiquissimam
702 3159 759 3200 esse
783 3160 817 3199 ex
842 3163 873 3200 eo
896 3147 997 3215 elucet,
1020 3147 1091 3214 quod
1109 3145 1269 3214 subscriptio
1284 3145 1330 3197 ille

217 3237 372 3302 ‚monosterii
389 3237 417 3286 irs
435 3234 595 3286 heilsbronn
615 3233 641 3305 iu
660 3231 752 3286 ultimo
771 3231 835 3286 folio
855 3239 901 3285 est.

284 3319 379 3388 ltaque
396 3317 441 3371 hic
458 3317 544 3371 codex
561 3332 671 3370 numero
689 3319 740 3370 300
758 3317 905 3382 (61666236)
923 3317 1043 3384 signatus
1060 3315 1260 3382 Ebnarienus*)
1278 3332 1331 3371 non

217 3410 265 3473 cst,
286 3403 355 3472 quod
373 3402 506 3471 putabant
524 3401 702 3456 Doederlinus
721 3407 747 3454 et
765 3401 939 3467 Ritschelius;
965 3416 1050 3468 neque
1069 3415 1166 3454 scaeua
1183 3401 1220 3455 ihi
1239 3400 1331 3456 addita

214 3489 259 3544 ille
285 3489 354 3542 alter
375 3489 463 3542 exitus
480 3494 531 3556 est,
549 3487 595 3542 sed
614 3488 709 3541 tertius
727 3487 851 3556 puidam,
869 3489 940 3556 quod
958 3503 992 3541 66
1010 3487 1114 3542 Keilius
1132 3487 1238 3554 quidem
1257 3493 1330 3541 recte

217 3575 379 3631 intellexisse
402 3574 468 3628 mihi
492 3573 604 3630 uidetur.
641 3575 694 3628 Sed
716 3575 768 3629 hoc
790 3573 969 3643 compluribus
994 3573 1102 3642 post**)
1121 3573 1237 3626 Keilium
1255 3575 1331 3627 annis

284 3697 309 3765 *)
328 3699 445 3766 Apparet
463 3700 539 3764 igitur
550 3699 719 3748 Ritschelium
739 3699 912 3748 tantummodo
930 3715 1009 3748 unum
1027 3697 1140 3748 codicem
1159 3695 1331 3762 (Altorfinum)

215 3769 364 3835 inspexisse,
375 3768 513 3886 {bactriani
523 3769 659 3818 lectionem
672 3783 702 3817 ex
712 3767 799 3816 Murrii
809 3767 1017 3817 Memorabilibus
1029 3767 1167 3832 sumpsisse
1179 3766 1222 3829 (cf.
1231 3766 1331 3830 Parerg.

286 3917 328 3984 **)
346 3922 403 3971 Hae
428 3921 540 3986 litterae,
559 3937 622 3986 quas
639 3921 738 3970 Keilius
756 3920 788 3970 ad
805 3920 903 3970 Ritsch.
922 3920 993 3969 dedit
1011 3926 1036 3969 et
1053 3919 1260 3970 Wachsmnthius
1277 3920 1332 3969 Rit-

216 3990 306 4040 schelii
325 3991 356 4040 de
375 3990 491 4040 Suetonii
509 3991 561 4040 vita
577 3991 678 4040 Terent.
697 3989 865 4040 dissertationi
884 3989 982 4039 addidit
999 3986 1087 4054 (1877)
1107 3988 1161 4039 siue
1178 3989 1257 4038 dubio
1274 3995 1332 4038 ante

217 4055 357 4124 Umpfenb.
370 4059 510 4108 editionem
528 4057 617 4121 (6876)
636 4059 744 4123 scriptae
763 4064 829 4123 sunt,
848 4057 908 4122 quia
926 4057 946 4106 si
964 4060 1025 4122 post
1040 4073 1098 4106 eam
1115 4057 1222 4122 scriptae
1240 4064 1332 4122 essent,

172 4171 176 4180 .
218 4127 319 4178 Keilius
343 4143 395 4177 non
419 4127 536 4178 dixisset:
561 4124 670 4176 anlrirr
694 4126 741 4175 der
757 4123 874 4190 peeucbte
891 4123 937 4173 cod
964 4123 1059 4174 Ebner.
1077 4125 1120 4174 dee
1143 4123 1274 4174 Terentius
1291 4141 1330 4188 96-

195 4191 328 4245 'hommes
347 4195 387 4256 ist,
406 4193 535 4244 aetesiae
553 4193 623 4244 nicht
640 4209 673 4244 att
689 4208 786 4258 superse
807 4194 929 4258 quoniam
943 4194 1161 4260 Umpfenbachius
1181 4209 1263 4244 rursus
1281 4194 1332 4242 Eb-

218 4265 315 4314 neriani
327 4264 464 4315 lectionem
474 4264 600 4329 adhibuit,
614 4264 660 4330 qui
671 4263 727 4332 ipse
744 4263 821 4316 hasce
834 4262 912 4313 Keilii
930 4263 1026 4313 litteras
1044 4279 1096 4312 non
1115 4262 1244 4329 cognovit,
1263 4263 1332 4327 quod

221 4331 284 4395 6877
303 4333 404 4383 demum
423 4332 505 4384 editae
523 4339 587 4385 sunt
