3200 5028
661 384 864 480 Α,

204 609 240 654 eo
264 588 390 670 dignam
412 589 535 670 putant,
559 587 645 652 velut
666 585 865 666 Ritschehus,
888 587 1097 663 Hermannus,
1123 584 1324 670 Spengehus3

203 693 255 757 alii
270 711 339 758 eam
354 691 517 772 vulgarem
532 697 564 756 et
579 691 688 757 tritam
704 696 799 773 atque
810 690 960 754 Terentio
975 689 1047 771 puri
1069 689 1221 755 sermonis
1244 708 1328 754 ama-

203 801 272 860 tore
287 795 379 876 plane
393 794 553 876 indignam
569 799 705 872 censent,
728 794 816 858 velut
830 793 984 857 Dziatzho
1000 797 1032 856 et
1052 811 1134 857 nunc
1150 792 1326 873 Wagnerus

203 917 337 981 quoque.
376 897 467 976 Quod
487 898 569 962 enim
591 898 623 963 in
647 898 732 963 exitu
748 896 893 962 Terentio
916 895 1011 976 digna
1032 895 1082 959 vel
1104 895 1232 976 indigna
1253 901 1328 960 sunt

203 1001 348 1068 histrioni
362 1000 540 1078 tribuimus,
564 1019 582 1064 a
602 1018 664 1082 quo
687 999 804 1064 lactum
828 1017 900 1064 eum
921 1016 990 1063 esse
1011 1001 1173 1078 putamus:
1197 1017 1270 1062 nam
1291 1004 1329 1062 ut

206 1107 346 1187 apparet,
369 1103 515 1168 histrioni
535 1103 669 1181 cuidam,
693 1103 747 1184 qui
769 1101 929 1184 perpetuis
952 1100 1127 1166 actionibus
1142 1101 1329 1166 Terentiana

205 1207 340 1274 dictione
370 1205 566 1272 assuefactus
594 1211 677 1285 erat,
707 1225 770 1270 non
798 1206 844 1270 ita
873 1203 996 1270 difficile
1025 1203 1135 1283 luisse,
1162 1205 1328 1270 nonnullos

205 1331 315 1377 versus
337 1311 541 1378 Terentianus
564 1310 781 1393 consuere¹¹⁶),
805 1309 851 1373 ita
872 1308 998 1373 minime
1019 1309 1134 1373 mirum
1157 1313 1214 1386 est,
1236 1308 1269 1372 in
1291 1307 1328 1372 iis

205 1414 356 1480 nonnulla
371 1414 516 1479 Terentio
536 1413 666 1494 indigna
687 1430 759 1477 eum
780 1410 911 1493 fugisse:
934 1411 1042 1492 itaque
1063 1412 1118 1492 qui
1141 1411 1259 1476 exitum
1281 1429 1327 1488 eo,

206 1535 299 1598 quem
314 1516 448 1582 diximus
463 1516 555 1581 modo
571 1534 633 1579 non
654 1515 798 1579 exortum
819 1518 921 1596 putat,
944 1513 999 1578 illa
1020 1532 1102 1594 quae
1124 1514 1330 1579 Terentianae

207 1619 334 1686 dictioni
351 1625 426 1702 apta
441 1625 523 1697 sunt,
548 1618 669 1700 antiqui
689 1622 721 1682 et
742 1617 816 1681 boni
837 1621 950 1699 poetae
972 1635 1042 1682 esse
1064 1617 1229 1697 existimet,
1253 1617 1330 1682 haec

206 1723 352 1790 Terentio
374 1723 503 1804 indigna
525 1721 707 1786 recentioris
730 1725 762 1785 et
783 1720 866 1784 mali.
912 1719 1022 1800 Neque
1043 1720 1141 1802 igitur
1162 1721 1249 1785 uelut
1264 1720 1330 1784 Rit-

207 1827 342 1892 schelius
366 1826 483 1890 exitum
505 1829 618 1906 poetae
642 1823 735 1888 alicui
756 1824 901 1889 Terentio
923 1823 1009 1887 haud
1031 1824 1130 1888 multo
1153 1824 1329 1907 posteriori,

206 1948 308 2011 neque
323 1929 550 1993 Dniatzkonem
573 1932 629 1993 aut
650 1928 824 1993 Braunium
847 1929 947 1992 secuti
969 1927 1035 1992 viro
1058 1927 1150 1992 ahcui
1173 1927 1265 1992 docto
1288 1926 1329 1991 ll.

208 2037 264 2096 aut
278 2033 332 2098 IV.
350 2052 375 2098 s.
398 2031 565 2096 tribuimus
589 2031 644 2096 sed
666 2030 812 2096 histrioni
833 2030 939 2096 Vlla
964 2051 995 2096 u.
1011 2049 1091 2096 saec.
1135 2030 1330 2113 Quamquam

208 2135 289 2200 enim
312 2135 448 2201 Terentii
476 2135 599 2201 fabulas
627 2154 690 2201 nou
717 2135 819 2200 solum
841 2135 912 2200 inde
935 2155 955 2199 a
976 2139 1088 2216 poetae
1109 2140 1209 2200 morte
1231 2155 1331 2217 usque

208 2239 249 2303 ad
275 2238 430 2304 libertatis
459 2239 622 2304 interitum
650 2257 760 2302 verum
788 2238 883 2302 etiam
910 2241 1014 2302 aetate
1037 2236 1207 2302 Caesarum
1229 2238 1330 2304 denuo

209 2330 331 2422 semper
346 2347 433 2407 actas
449 2360 517 2406 esse
532 2341 701 2406 memoriae
716 2339 876 2420 proditum
896 2345 953 2418 est,
977 2344 1014 2404 ut
1036 2339 1074 2404 de
1096 2344 1245 2422 tempore,
1269 2359 1331 2423 quo

210 2447 299 2507 ortus
321 2442 363 2508 sit
385 2443 466 2507 alter
488 2443 598 2519 exitus,
622 2440 753 2506 iudicari
775 2459 838 2505 non
860 2460 952 2522 posse
974 2442 1128 2524 videatur,
1151 2449 1256 2509 tamen
1270 2445 1332 2509 VII

209 2565 239 2608 u.
256 2565 280 2611 s.
305 2565 377 2610 eum
400 2545 506 2610 deberi
529 2544 735 2622 arbitramur,
759 2562 822 2625 quo
844 2544 982 2608 Plautini
1003 2546 1125 2628 prologi
1148 2552 1333 2628 ceteraeque

209 2645 387 2712 fabularum
409 2646 599 2712 mutationes
623 2647 663 2711 ab
685 2645 893 2712 histrionibus
913 2645 996 2712 facta
1017 2654 1099 2713 sunt.

296 2750 485 2815 Accuratius‘
511 2749 550 2814 de
578 2755 720 2832 tempore
748 2750 888 2816 iudicare
915 2770 978 2815 non
1005 2751 1123 2817 licebit:
1153 2753 1332 2818 cumcuim

152 2865 156 2874 ’
210 2858 280 2919 tota
308 2853 348 2918 de
375 2853 564 2918 histrionum
593 2853 886 2935 interpolationibus
913 2854 1056 2937 quaestio
1078 2855 1217 2937 ipsarum
1239 2856 1334 2921 inter·

211 2957 406 3037 polationum
434 2957 538 3022 indole
568 2976 631 3021 non
653 2961 794 3022 veterum
818 2958 1004 3024 testimoniis
1027 2959 1228 3039 diiudicetur,
1255 2960 1333 3024 nihil

212 3061 290 3124 certi
323 3057 473 3123 affirmari
500 3065 613 3141 potest.
665 3060 862 3143 Quamquam
889 3067 995 3127 autem
1024 3063 1201 3128 didascaliis
1230 3067 1334 3128 certae

212 3161 471 3227 Terentianarum
493 3160 672 3228 fabularum
694 3165 932 3231 retractationes
956 3166 1225 3245 demonstrantur,
1254 3184 1333 3247 quas

212 3264 286 3330 iecit
312 3265 347 3330 L.
364 3265 479 3330 Atilius
505 3265 798 3350 Praenestinusffl),
829 3274 933 3334 tamen
963 3270 1029 3335 veri
1059 3270 1158 3335 simile
1185 3288 1247 3334 non
1275 3276 1332 3348 est,

213 3368 330 3432 exitum
360 3368 400 3432 ab
427 3387 463 3432 eo
486 3367 604 3434 factum
627 3388 708 3448 esse3
730 3389 832 3451 neque
855 3390 929 3435 vero
952 3389 971 3435 a
993 3363 1258 3453 ceteris'gregum
1271 3373 1334 3438 do
1450 3351 1454 3358 ⁸

213 3471 315 3550 minis,
339 3488 473 3552 quorum
488 3470 615 3535 nomina
637 3471 668 3536 in
691 3472 848 3538 codicibus
871 3473 960 3538 nobis
983 3474 1165 3540 traduntur:
1188 3493 1261 3540 nam
1283 3495 1333 3540 eo·

212 3593 283 3638 rum
299 3573 488 3654 exemplaria
502 3580 712 3656 cognoverant
726 3576 931 3656 grammatici,
955 3577 1008 3658 qui
1028 3575 1150 3644 fabulas
1172 3597 1334 3645 recensue-

214 3681 301 3740 runt:
324 3677 351 3741 si
366 3676 464 3758 igitur
478 3677 579 3743 exitus
595 3678 627 3742 in
649 3696 712 3742 uno
735 3679 873 3747 alterove
896 3699 1005 3746 eorum
1026 3679 1145 3760 luisset,
1168 3682 1236 3764 ipse
1258 3701 1334 3765 quo-

214 3798 276 3860 que
298 3779 380 3846 sicut
401 3780 528 3846 nomina
549 3779 737 3848 histrionum
760 3781 791 3846 in
813 3784 934 3849 codices
957 3788 1102 3867 receptus
1124 3792 1216 3852 esset.

286 3969 333 4037 l¹⁶)
353 3969 387 4023 cf.
400 3967 503 4024 Ritsch.
522 3969 540 4023 l.
559 3969 576 4025 l.
594 3987 617 4039 p.
633 3973 696 4026 286:
717 3988 744 4024 a.
757 4008 765 4024 .
777 4011 783 4023 .
795 3971 851 4023 uad
867 3989 918 4024 wer
934 3973 988 4024 siclt
1006 3973 1034 4024 iu
1047 3971 1109 4024 Rom
1127 3989 1174 4024 aur
1187 3971 1333 4042 Absasruup

217 4056 286 4108 ciues
297 4055 398 4108 soleam
412 4057 518 4124 Prolope
530 4059 576 4112 der
587 4059 644 4127 pah,
657 4058 777 4112 vernanti
787 4059 855 4111 cuod
868 4059 911 4112 dic
928 4059 985 4112 sehr
1002 4059 1117 4124 dnsoclec
1134 4059 1188 4110 und
1205 4061 1333 4128 qemobotc

219 4139 306 4192 Kanai
320 4142 469 4214 repelrechte
481 4143 579 4197 Sonare
596 4163 628 4198 au
647 4146 728 4198 bauan
747 4146 799 4212 (die
811 4145 907 4215 Repeln
924 4146 983 4198 aiud
1001 4147 1061 4198 aber
1078 4146 1151 4197 deinc
1170 4146 1277 4213 anderu,
1295 4146 1333 4198 als

216 4225 260 4280 die
278 4228 345 4280 auch
356 4231 409 4294 fair·
427 4231 539 4284 Planta
557 4233 596 4300 (et
614 4231 689 4301 Ter.)
705 4234 838 4300 peteuda:
859 4237 933 4300 ...lt
1037 4235 1085 4303 11'1)
1104 4232 1138 4287 qt
1156 4233 1287 4288 Dziatzko
1306 4233 1334 4288 in

217 4313 286 4368 llus.
311 4313 402 4368 Rhen.
422 4315 493 4369 XXl.
522 4332 548 4385 p.
560 4321 602 4373 64.
638 4316 817 4375 staticuli
844 4320 1017 4388 p.151.adn.
1037 4323 1076 4374 66.
1096 4325 1147 4377 etc.
1296 4317 1299 4326 ’
