3200 5028
801 361 841 424 26

723 449 923 458 ———-—-

266 561 388 626 etiamsi
411 567 568 628 constaret
590 564 769 630 Terentium
790 566 893 647 ipsum
914 563 962 628 bis
985 564 1084 644 egisse
1106 563 1256 628 Andriam
1277 564 1377 645 prolo-

266 683 410 746 gumque,
434 666 487 746 qui
502 666 591 730 nobis
606 666 742 731 traditus
757 671 814 743 est,
838 666 878 730 ad
894 665 1024 731 alteram
1039 666 1194 745 pertinere
1215 667 1376 742 actionem,

266 773 370 831 tamen
392 768 517 832 minime
531 769 604 832 inde
626 774 819 851 sequeretur,
844 770 976 834 alterum
998 787 1121 850 quoque
1144 768 1259 832 exitum
1283 787 1302 832 a
1323 767 1378 832 Te-

265 870 365 934 rentio
388 871 540 951 scriptum
562 875 681 955 essen).

349 972 453 1053 Atque
482 973 558 1039 haec
584 977 709 1057 quidem
737 978 901 1057 hactenus;
931 982 1128 1042 transeamus
1156 975 1218 1039 iam
1245 973 1285 1037 ad
1308 974 1376 1048 alia,

265 1093 345 1155 quae
361 1074 543 1155 Spengelius
566 1082 602 1140 ut
624 1079 741 1143 exitum
761 1078 897 1144 Terentii
919 1096 987 1144 esse
1010 1077 1211 1153 demonstret,
1236 1073 1377 1156 araur).

265 1177 394 1242 Summa
415 1177 481 1241 eius
504 1181 782 1258 argumentationis
804 1181 880 1246 baec
902 1185 964 1246 est:

349 1280 415 1343 Hos
431 1299 539 1345 versus
556 1281 684 1346 alterius
701 1283 801 1348 exitus
825 1283 878 1347 diu
900 1287 1051 1363 tanquam
1072 1279 1283 1365 ,appendicem
1306 1301 1379 1360 opo-

265 1384 362 1446 riom‘
385 1383 550 1448 recentiori
565 1385 656 1448 alicui
672 1385 815 1467 scriptori
830 1387 966 1450 tributos
983 1403 1065 1461 esse;
1086 1383 1150 1460 sed,
1167 1383 1221 1464 qui
1236 1382 1378 1446 notitiam

266 1487 453 1551 corneorum
468 1488 590 1565 habeat,
615 1508 685 1554 eum
707 1509 768 1554 non
791 1509 882 1572 posse
903 1489 1019 1566 facere,
1043 1488 1118 1569 quin
1140 1505 1193 1552 eos
1216 1505 1378 1568 germanos

266 1588 403 1652 Terentii
430 1609 539 1654 versus
568 1609 637 1656 esse
665 1593 780 1656 credat.
825 1593 929 1674 Atque
951 1591 1129 1656 Terentium
1152 1608 1222 1653 oum
1244 1589 1378 1670 primum

265 1690 415 1756 Andriam
430 1693 462 1756 in
478 1711 621 1759 scaenam
636 1696 831 1776 produceret,
855 1697 970 1761 exitum
984 1696 1072 1760 illum
1092 1694 1264 1774 longiorem
1284 1687 1381 1774 'scrip

266 1799 334 1858 tum
363 1795 521 1875 habuisse,
553 1799 627 1879 quia
655 1803 796 1880 putaret,
826 1800 920 1864 etiam
943 1799 1077 1863 Charino
1103 1835 1138 1842 -
1163 1796 1251 1862 ouius
1273 1801 1379 1877 partes

266 1901 391 1977 poetam
412 1916 468 1962 suo
491 1900 614 1978 iudicis,
637 1921 699 1965 non
722 1921 759 1966 ex
773 1901 936 1966 Menandri
950 1901 1112 1967 Perinthia
1133 1899 1289 1965 addidisse
1312 1917 1380 1963 cen-

267 2005 315 2064 set
329 2025 368 2046 ¹-
384 2001 416 2064 in
432 2020 544 2067 scaena
558 2022 687 2068 uxorem
704 2004 889 2085 desponderi
909 2004 1036 2082 debere3
1059 2005 1114 2069 sed
1135 2005 1237 2085 prima
1259 2003 1380 2067 actione

267 2102 402 2181 doctum,
425 2105 653 2185 spectatoribus
669 2107 759 2171 valde
782 2107 945 2188 displicere
966 2106 1104 2171 fabulam
1125 2107 1171 2170 ita
1193 2106 1378 2182 conclusam,

267 2205 383 2272 exitum
404 2208 464 2272 sibi
485 2227 553 2273 esse
575 2211 778 2274 resecandum
800 2215 929 2291 putasse
951 2209 1138 2274 Terentium.
1176 2209 1288 2289 Itaque
1310 2225 1380 2271 cum

267 2307 382 2371 iterum
402 2316 548 2389 ageretur
568 2311 683 2389 fabula,
706 2318 831 2393 poetam
853 2333 921 2378 eam
943 2314 974 2377 in
996 2313 1097 2378 lucem
1118 2311 1287 2393 protulisse
1310 2329 1379 2374 cum

268 2410 409 2475 breviore
430 2412 482 2476 illo
504 2415 588 2480 exitu
611 2420 643 2478 et
664 2415 802 2496 prologo,
826 2416 879 2497 qui
901 2419 1015 2492 exstet,
1044 2413 1127 2495 qnod
1150 2412 1381 2478 demonstretur

268 2533 296 2578 v.
314 2516 341 2577 5.
358 2516 435 2596 prol.
474 2516 574 2592 Quam
603 2519 872 2584 ratiocinationem
901 2517 1019 2583 firmari
1045 2522 1137 2600 putat
1159 2537 1196 2582 ea
1218 2535 1266 2594 re,
1296 2514 1381 2597 quod

268 2634 381 2681 scaena
395 2618 448 2683 illa
462 2623 586 2685 omnino
601 2640 664 2686 non
684 2640 719 2686 eo
742 2623 834 2687 modo
856 2622 974 2687 tradita
995 2623 1045 2699 sit,
1068 2626 1105 2685 ut
1123 2619 1380 2686 antecedentibus

195 2710 197 2715 ’
269 2719 409 2786 versibus
441 2724 615 2788 continuari
644 2725 757 2804 possim
785 2743 886 2805 neque
916 2725 997 2789 enirn
1026 2724 1164 2804 intellegi
1192 2741 1297 2804 posse,
1327 2721 1381 2802 qui

267 2821 384 2887 iactum
400 2824 441 2888 sit
455 2828 500 2902 ut,
523 2825 550 2890 si
570 2827 639 2906 quis
662 2826 779 2890 exitum
800 2831 924 2890 mutare
945 2831 977 2890 et
998 2845 1172 2908 propagare
1195 2825 1295 2903 vellet,
1318 2843 1380 2889 non

268 2928 314 2992 ita
328 2932 474 3008 mutaret,
498 2935 534 2994 ut
548 2931 644 2994 verba
665 2948 727 2993 uno
749 2934 858 2994 tenore
880 2929 1146 2994 continuarentur.
1183 2929 1288 3010 Atque
1309 2927 1380 2990 huic

267 3031 404 3096 Andriae
418 3033 588 3097 condicioni
603 3032 791 3097 simillimam
806 3051 874 3097 esse
888 3033 1066 3097 Plautinam
1087 3033 1268 3110 Poenulum,
1293 3032 1380 3097 cuius

268 3135 369 3200 exitus
398 3137 473 3200 item
501 3135 622 3200 duabus
651 3138 753 3200 exstet
782 3135 1025 3211 recensionibus,
1055 3155 1190 3217 quarum
1216 3135 1380 3200 recentiori

267 3239 354 3320 prior
375 3245 411 3303 ut
432 3240 586 3320 appendix
607 3239 639 3303 in
662 3238 818 3304 codicibus
841 3238 948 3328 addita
970 3239 1020 3303 sit.

351 3341 575 3408 Percurremus
597 3343 737 3408 ordinem
760 3347 1023 3424 argumentorum.

352 3445 491 3510 Primum
506 3445 590 3527 quod
604 3445 930 3511 versuslerentianos
953 3446 1083 3523 censuit,
1106 3445 1275 3526 repetenda
1297 3447 1379 3522 sunt,

270 3666 349 3719 etiam
373 3665 424 3718 hoc
445 3663 502 3717 lieri
518 3665 649 3732 potuisse,
668 3671 698 3718 nt
715 3665 841 3718 Terentio
859 3664 986 3732 prologus
1002 3663 1121 3718 Andriae
1139 3667 1191 3718 iam
1209 3664 1335 3732 scriptus,
1354 3664 1380 3716 in

272 3768 324 3820 quo
343 3758 528 3819 argumentum
546 3751 652 3805 fabulae
671 3756 827 3804 narraverat
838 3750 920 3805 veluti
933 3751 1052 3819 Plautus,
1065 3750 1190 3818 Naevius,
1204 3751 1313 3814 Ennius,
1326 3748 1380 3809 alii,

271 3854 324 3892 non
336 3837 511 3906 publicandas
524 3837 570 3890 sed
582 3852 665 3891 novus
677 3843 748 3891 esset
765 3836 926 3901 scribendus,
946 3852 998 3905 quo
1017 3851 1044 3891 se
1062 3835 1219 3896 defenderat
1237 3835 1270 3888 ab
1288 3835 1381 3890 adver·

273 3923 401 3977 sariorum
421 3921 623 3989 offensionibus,
641 3938 707 3992 quar
725 3920 815 3990 paullo
834 3926 896 3975 anta
914 3921 1031 3976 Andriae
1049 3922 1179 3976 actionem
1196 3920 1380 3989 promulgare·

271 4015 337 4061 rant.
441 4006 634 4072 ⁷1)1)ziatzn0.
655 4007 744 4062 Fleclr.
763 4022 822 4060 ann.
851 4006 902 4061 vol.
918 4010 973 4060 113.
1002 4023 1026 4075 p.
1039 4010 1097 4062 235.
1127 4006 1379 4074 nuncopanti.

270 4111 295 4161 p.
308 4097 349 4148 23»
385 4093 536 4148 Pacclrelm.
555 4093 572 4146 l.
591 4092 608 4146 l.
628 4110 653 4161 p.
666 4097 707 4147 22.
810 4092 845 4159 ⁷²)
862 4093 890 4145 in
908 4107 967 4146 ann.
986 4093 1111 4146 Acadam.
1131 4091 1236 4146 Monac.
1256 4094 1328 4148 1873.
1347 4092 1380 4144 cl.

272 4179 336 4247 phil.
360 4188 387 4233 et
410 4179 471 4233 hist.
496 4196 522 4248 p.
540 4180 644 4248 sacrm.
668 4179 714 4234 sed
737 4180 771 4234 ci.
790 4194 848 4233 cnm
868 4178 909 4232 his
927 4194 996 4246 qnae
1013 4179 1099 4232 minus
1116 4182 1240 4232 accurate
1259 4182 1287 4231 et
1303 4177 1381 4230 nimis

273 4269 350 4319 cauta
369 4264 402 4319 de
421 4264 496 4318 exitu
514 4263 579 4318 dicit
597 4264 623 4317 in
642 4264 723 4318 Andr.
743 4264 784 4320 ed.
803 4281 828 4333 p.
843 4267 897 4318 148.
