3200 5028
643 395 845 494 ..L

185 596 335 676 ZeuniuS‚
360 599 507 676 Bothius‚
536 618 606 664 cum
629 599 849 682 Grauertus⁸⁶)
881 600 958 665 adeo
989 601 1027 665 de
1054 600 1165 666 fraude
1187 603 1302 686 Guyeti

184 701 336 781 cogitaret
364 707 459 783 atque
488 703 527 767 ab
546 714 594 767 'eo
621 703 690 785 ipso
720 703 819 768 factos
848 723 916 768 esse
938 708 1078 785 putaret3
1109 711 1193 771 certe
1215 708 1301 772 nullo

183 803 260 881 iure,
284 823 356 869 nam
372 805 505 869 inventis
521 807 658 887 quinque
675 805 832 870 codicibus
849 807 994 887 antiquos
1009 825 1062 871 eos
1086 826 1154 872 esse
1177 808 1302 875 demon-

183 910 313 972 stratur.
355 907 502 971 Ceterum
524 908 592 988 ipse
613 907 702 972 reicit
724 907 803 972 hanc
826 907 1013 972 sententiam
1035 913 1067 972 et
1089 909 1225 974 Terentii
1248 931 1300 978 eos

183 1026 251 1074 esse
279 1027 412 1090 negans,
443 1009 517 1090 quia
543 1009 583 1073 ab
605 1009 672 1074 eius
695 1014 764 1074 arte
786 1015 819 1074 et
840 1009 995 1091 elegantia
1017 1011 1177 1090 recedant,
1201 1012 1299 1080 factos

184 1129 236 1176 eos
263 1116 356 1192 putat
379 1130 398 1175 a
420 1111 511 1177 docto
534 1112 669 1193 quodam
692 1112 829 1191 homine,
853 1113 906 1194 qui
928 1112 1064 1178 Andriae
1085 1114 1178 1180 finem
1200 1122 1300 1182 muta-

182 1215 276 1292 verit3
307 1215 480 1279 cuiusmodi
510 1235 559 1280 res
587 1217 650 1280 iam
679 1217 903 1298 antiquissimis
931 1218 1123 1298 temporibus
1150 1238 1300 1301 persaepe

181 1315 280 1382 iactas
303 1337 371 1384 esse
394 1319 447 1398 ait,
471 1323 504 1383 et
524 1318 634 1383 iisdem
656 1319 849 1400 temporibus
872 1319 966 1383 etiam
988 1319 1093 1384 Plauti
1115 1322 1245 1386 Poenuli
1267 1327 1299 1387 et

181 1413 364 1487 Mercatoris
380 1441 507 1487 scaenas
523 1423 646 1504 spurias
669 1422 766 1486 tribui
781 1422 1032 1504 Niebuhriumil)
1055 1423 1190 1489 voluisse
1213 1425 1296 1490 dicit.

265 1524 497 1608 Ritsohelius³⁸)
517 1544 604 1590 vero:
629 1526 817 1610 ‚quicunque
833 1526 977 1588 idoneum
999 1546 1092 1587 neum
1114 1528 1297 1591 comicorum

180 1627 300 1708 debeat,
322 1651 389 1692 enm
409 1649 502 1714 posse
523 1633 618 1710 negat
639 1630 688 1693 uel
709 1629 861 1691 tantillum
883 1626 1040 1707 dubitare,
1064 1630 1140 1714 quin
1163 1630 1198 1692 in
1221 1630 1297 1694 bono

181 1741 209 1791 et
224 1738 349 1814 antiqno
362 1743 456 1817 poeta
472 1753 646 1812 cenoemnm·
668 1744 703 1794 nt
727 1732 806 1793 enim
829 1729 910 1793 nibil
932 1730 975 1793 cit
998 1737 1029 1792 in
1051 1732 1122 1796 ictio
1145 1733 1296 1811 coraibus,

180 1833 1297 1919 mmmmffiwmmmwmmmmwm

179 1942 314 2020 enemplo
329 1935 566 2020 ostendipoaee,
590 1945 664 2001 talea
689 1961 824 2022 unquam
846 1959 954 2000 nerone
971 1959 990 2000 o
1002 1941 1190 2022 posterioria
1213 1950 1297 2002 aeta·

181 2040 221 2102 iia
251 2038 372 2104 bomine
395 2040 505 2127 factos
536 2048 621 2107 esae‘
665 2043 910 2108 Verumtamen
932 2044 972 2108 ab
994 2043 1052 2107 hac
1074 2061 1221 2108 versuum
1244 2041 1297 2106 ad-

179 2143 343 2208 miratione
359 2143 522 2210 dissentio:
545 2145 626 2212 Nam
641 2147 776 2229 primum
791 2166 862 2212 mea
881 2148 1008 2229 quidem
1028 2147 1183 2213 sententia
1204 2147 1295 2211 nimis

178 2246 329 2312 audacter
343 2249 374 2312 in
389 2250 502 2329 verbis,
519 2271 536 2315 e
552 2252 666 2333 quibus
681 2253 832 2317 nonnulla
854 2253 937 2316 omni
960 2270 1053 2317 sensu
1077 2252 1193 2326 carent,
1216 2248 1296 2312 iudi-

179 2354 232 2412 cat
245 2349 322 2414 nihil
336 2351 447 2430 inesse,
470 2354 554 2435 quod
569 2373 589 2418 a
603 2355 748 2421 Terentio
764 2357 806 2420 sit
822 2355 971 2434 alienum3
995 2353 1106 2419 deinde
1128 2352 1187 2417 etsi
1210 2358 1295 2416 recte

179 2451 305 2533 licien),
335 2473 398 2536 qua
426 2459 495 2521 arte
523 2474 624 2538 quave
653 2459 767 2523 inertia
795 2458 869 2523 facti
892 2459 955 2523 sint
976 2476 1099 2534 versus,
1128 2455 1295 2520 aestimare

177 2574 239 2620 non
254 2556 341 2637 prius
363 2557 465 2636 licere,
489 2576 583 2640 quam
605 2559 734 2638 mendis,
758 2560 872 2640 quibus
894 2559 1047 2636 laborent,
1070 2555 1224 2638 probabili
1246 2576 1295 2621 ra-

178 2659 263 2723 tione
285 2659 408 2724 liberati
430 2666 463 2726 et
483 2662 515 2725 in
538 2680 607 2726 eam
628 2663 841 2746 integritatem
864 2663 1003 2729 restituti
1025 2661 1097 2738 sint,
1121 2679 1184 2741 qua
1199 2678 1216 2723 e
1231 2678 1295 2723 ma-

176 2761 267 2826 nibus
282 2767 394 2843 poetae
408 2764 562 2845 prodiisse
577 2784 630 2830 eos
646 2766 792 2831 credibile
807 2766 857 2845 sit,
881 2771 986 2830 tamen
1009 2782 1080 2828 oum
1102 2762 1168 2826 eius
1192 2779 1293 2826 emen-

133 2939 136 2946 ,
176 2866 271 2931 dandi
290 2866 412 2932 ratione
434 2869 609 2934 consentire
630 2887 693 2933 non
714 2888 852 2950 possum,
876 2869 950 2951 quia
971 2867 1063 2932 nimis
1085 2865 1194 2941 multa,
1218 2883 1294 2945 quo·

175 2989 246 3035 rum
273 2989 313 3034 ne
340 2971 506 3053 vestigium
535 2972 662 3053 quidem
683 2977 780 3052 patet,
804 2972 938 3050 addidit;
961 2977 1029 3037 tum
1051 2969 1109 3033 hoc
1131 2968 1293 3034 Ritsohelii

174 3072 324 3138 iudicium
357 3075 442 3139 cadit
473 3076 505 3138 in
539 3077 607 3142 sola
639 3076 735 3148 verba
766 3094 829 3140 non
856 3076 888 3140 in
918 3075 1080 3139 universas
1110 3071 1291 3137 sententias.
1370 3146 1376 3154 ἱ

175 3176 284 3241 Paullo
306 3176 421 3260 posim)
443 3182 633 3244 retractatae
655 3185 688 3244 et
709 3179 850 3260 integrae
872 3196 1002 3243 scaenae
1025 3175 1200 3241 accessione
1222 3192 1294 3238 auc-

175 3281 240 3341 tam
261 3277 399 3344 fabulam
415 3282 554 3363 exemplo
577 3281 703 3364 probari
726 3299 819 3362 posse
842 3280 925 3357 dicit,
950 3285 982 3345 et
1004 3278 1127 3344 deinde:
1154 3289 1293 3339 »ner-am-

175 3401 233 3464 que
253 3381 367 3444 emitum
391 3406 456 3448 eece
476 3384 623 3466 Terentii·
647 3395 753 3448 ninum
774 3407 846 3448 cero
862 3383 996 3469 fabulae
1019 3383 1135 3446 enitnm
1153 3381 1292 3466 priorem

168 3481 301 3568 fecerit,
331 3497 437 3568 ntrnm
464 3489 631 3575 reprobato
662 3497 758 3554 altero
786 3501 892 3573 poalea
921 3487 1080 3563 adiecerit,
1109 3481 1186 3547 illud
1206 3482 1291 3546 laud

167 3583 266 3670 facile
282 3585 452 3654 diiudicari
465 3614 575 3677 poese3
595 3614 669 3654 nom
683 3604 846 3677 utromque
862 3591 1034 3674 opinionem
1046 3587 1189 3673 profecto
1205 3583 1292 3647 laud

172 3693 354 3775 spernendis
375 3704 564 3770 arpnmentie
588 3697 635 3761 ita
657 3696 803 3761 amoenari
822 3717 921 3781 pocae,
944 3705 980 3758 nt
1002 3692 1079 3778 quid
1098 3689 1291 3775 potissimum

172 3813 302 3878 sequare
329 3795 466 3861 moenum
489 3796 647 3860 haeream«
694 3797 842 3863 Attamen
863 3798 931 3880 ipse
953 3801 1111 3878 postremo
1133 3789 1289 3855 nonnullis

172 3895 273 3960 exitus
289 3897 417 3964 alterius
433 3901 595 3965 sententiis
610 3901 715 3981 pravis
731 3906 903 3966 commotus
918 3919 980 3964 non
997 3898 1035 3962 dc
1058 3895 1172 3978 duplici
1195 3912 1290 3976 opera

172 3999 265 4064 unius
280 4005 400 4081 poetae,
417 4003 473 4070 sed
494 4003 533 4068 de
555 4002 677 4068 duobus
699 4003 800 4084 poetis
823 4001 1023 4083 cogitandum
1045 4000 1103 4066 sibi
1124 3997 1289 4080 persuasit.

240 4223 276 4288 ³⁶)
295 4223 312 4277 l.
333 4225 350 4278 l.
371 4241 397 4293 p.
410 4229 469 4280 203.
524 4224 558 4295 87)
577 4223 673 4292 Opusc.
692 4222 899 4290 mancupion.
955 4221 991 4289 ³⁸)
1009 4221 1117 4288 Parerg.
1135 4235 1161 4287 p.
1176 4223 1288 4288 594sqq.

170 4307 208 4375 ³⁹)
226 4307 242 4360 ¹·
262 4309 278 4361 1.
297 4325 322 4377 n.
335 4311 393 4365 can
495 4311 532 4376 n)
549 4308 611 4364 insu.
630 4324 655 4377 ρ.
669 4311 765 4376 coosq.
