3200 5028
735 369 780 452 37

202 569 459 635 verisimillimum
485 569 561 635 rnihi
583 569 717 646 videtur,
739 571 822 636 hunc
844 565 1118 640 alterum'exitum
1141 577 1250 641 eadem
1272 597 1321 642 ra·

202 673 286 738 tione
306 672 481 755 lactum¹⁰⁸l
499 674 576 741 etin
596 676 755 757 exemplar
777 677 908 742 alicuius
931 679 1035 760 gregis
1058 685 1219 761 receptum
1241 693 1319 744 esse.

286 775 372 842 Haec
399 782 504 842 autern
527 777 714 844 histrionum
736 779 926 860 exemplaria
947 783 1060 846 summi
1081 782 1231 848 momenti
1252 802 1321 848 esse

201 897 291 943 nemo
307 879 444 960 ignorat:
467 899 540 944 narn
555 881 638 945 inter
653 900 760 947 ornnes
776 887 909 961 constat,
925 888 1047 949 textum
1062 885 1321 950 Terentianarum

201 986 234 1047 et
254 982 477 1054 Plautinarum,
500 984 732 1048 comoediarum
759 1003 797 1048 ex
825 985 1053 1066 exemplaribus
1076 988 1224 1054 scaenicis
1247 979 1321 1053 duc-

200 1091 268 1151 tum
291 1086 425 1167 essem).
471 1086 675 1152 Grammatici
701 1087 797 1165 enim,
821 1105 892 1151 curn
913 1089 976 1154 iarn
997 1090 1070 1154 inde
1092 1110 1112 1154 a
1133 1090 1265 1172 septimo
1288 1111 1318 1154 n.

200 1208 280 1254 saec.
310 1208 437 1270 operam
464 1196 617 1255 navarent
645 1183 762 1256 fabulis
789 1191 940 1272 palliatis,
963 1198 999 1258 ut
1021 1198 1142 1259 textum
1165 1195 1206 1258 ad
1228 1215 1320 1260 usum

199 1292 592 1374 lectorumcompararent,
609 1295 760 1375 imprimis
776 1287 963 1360 histrionum
979 1297 1207 1378 exemplaribus
1224 1298 1319 1381 (quae

200 1394 325 1476 quidem
341 1396 465 1476 assequi
480 1397 638 1480 poterant)
655 1398 704 1462 usi
726 1399 830 1462 omnia
851 1417 933 1480 quae
955 1398 993 1463 de
1016 1399 1208 1480 singularum
1231 1398 1321 1464 fabu-

199 1500 301 1564 larum
317 1499 491 1564 actionibus
513 1501 730 1580 tradebantur,
753 1501 949 1583 colligebant.
987 1502 1192 1566 Dominorum
1214 1507 1320 1568 autem

199 1603 302 1686 gregis
332 1603 524 1684 permultum
553 1602 696 1669 interfuit
725 1604 763 1669 de
785 1603 899 1670 fabulis
921 1623 1000 1686 quas
1023 1603 1181 1669 habebant
1203 1605 1321 1685 gravis·

200 1706 279 1771 sima
306 1724 450 1787 quaeque
478 1711 590 1771 notare
611 1706 699 1771 velut
720 1707 835 1771 actoris
857 1705 1127 1787 modulatorisque
1148 1725 1261 1772 nomen
1284 1727 1319 1773 ac

199 1809 320 1890 generis
335 1809 499 1873 modorum
514 1809 705 1874 musicorum
719 1810 907 1875 mentionem
930 1810 1070 1891 aliasque
1092 1828 1142 1874 res
1165 1809 1206 1874 ad
1228 1829 1321 1891 agen-

199 1913 255 1977 das
285 1917 434 1994 aetasque
460 1911 583 1978 fabulas
605 1913 867 1997 pertinentes¹¹⁰);
897 1913 1005 1994 itaque
1027 1931 1064 1976 ex
1086 1911 1197 1976 iisdem
1219 1931 1321 1978 exem·

198 2015 339 2096 pluribus
367 2015 525 2083 fluxerunt
546 2017 647 2083 multa
669 2022 811 2082 actorum
831 2017 971 2095 nomina,
1001 2035 1083 2098 quac
1105 2016 1137 2079 in
1160 2017 1318 2083 codicibus

198 2119 368 2184 traduntur
398 2157 432 2166 -
464 2126 749 2187 commemorantur
770 2121 851 2186 enim
873 2120 1045 2198 Ambivius,
1068 2118 1195 2196 Atilius,
1218 2119 1321 2184 Minu-

198 2223 282 2306 cius2
302 2222 429 2306 Sergius
454 2245 507 2303 —3
537 2230 570 2290 et
594 2224 721 2290 litterae
742 2224 815 2288 illae
837 2242 981 2304 graecae,
1004 2242 1025 2301 a
1046 2221 1159 2302 quihus
1182 2221 1214 2285 in
1237 2218 1335 2287 cedi?

198 2326 285 2390 cibus
307 2344 513 2406 personarum
534 2326 661 2391 nomina
683 2325 862 2404 ordiuntur,
891 2344 972 2407 quae
994 2325 1035 2390 ad
1056 2344 1124 2390 rem
1146 2326 1319 2392 scaenicum

197 2421 429 2510 pertinuerunt3
460 2434 492 2494 et
519 2429 707 2494 didascalice
735 2430 822 2511 ipsae
848 2429 983 2494 maxima
1009 2448 1046 2494 ex
1068 2433 1159 2510 parte
1181 2428 1318 2495 indidem

198 2532 347 2614 originem
371 2532 517 2598 videntur
540 2533 730 2617 duxisse¹¹¹).

283 2635 369 2713 Quae
384 2637 488 2700 omnia
503 2636 530 2700 si
545 2656 582 2701 ex
597 2634 784 2701 histrionum
800 2636 887 2701 libris
903 2635 935 2700 in
957 2635 1078 2701 codices
1100 2643 1317 2716 manaverunt,

197 2737 274 2820 qnid
301 2738 415 2803 mirum
445 2740 472 2804 si
498 2740 579 2804 alter
607 2739 708 2816 exitus
738 2759 775 2804 ex
797 2739 905 2804 eodem
932 2737 1017 2804 fonte
1046 2739 1219 2803 translatus
1249 2741 1318 2804 est?

198 2841 288 2918 Quod
318 2847 424 2907 antem
453 2844 485 2907 in
513 2843 621 2925 paucis
651 2842 809 2909 codicibus
839 2843 947 2924 scripti
974 2861 1083 2909 versus
1106 2843 1317 2925 inveniuntur,

270 3085 320 3151 1⁰⁸)
339 3081 416 3150 Quod
439 3081 509 3135 idem
534 3080 635 3136 iudicat
653 3080 825 3136 Schindlerus
847 3080 879 3134 de
897 3079 1020 3148 Hecyrae
1045 3082 1176 3150 prologis,
1200 3097 1266 3152 quoa
1284 3084 1318 3137 ab

173 3185 178 3195 ¹
200 3170 324 3226 Ambivio
342 3169 478 3237 Turpione
495 3167 580 3222 laetos
597 3168 661 3221 vult.
682 3168 714 3222 cl.
734 3182 814 3236 supra
832 3185 857 3237 p.
871 3169 913 3222 27.
934 3166 994 3220 adn.
1007 3171 1041 3223 76
1058 3199 1091 3208 -
1109 3169 1143 3222 el.
1161 3168 1318 3237 Bernhardy

196 3257 231 3312 Η.
249 3257 280 3311 L.
299 3256 335 3313 R.
370 3273 395 3325 p.
408 3256 466 3311 472.
493 3253 526 3309 cf.
544 3252 683 3309 Steinhoff.
702 3255 753 3309 ll.
781 3271 806 3323 p.
819 3257 842 3308 6.
870 3254 985 3310 111137.
1014 3252 1114 3308 Steffen
1134 3253 1184 3324 [βο
1205 3263 1318 3307 actorum
1382 3297 1385 3302 ,

200 3345 230 3395 iro
243 3343 345 3408 fabulis
367 3342 526 3395 Terentiano
544 3358 649 3394 numero
667 3351 689 3393 et
707 3341 893 3394 distributione
914 3341 941 3394 in
959 3342 1019 3395 not.
1040 3355 1092 3394 soc.
1113 3339 1177 3408 phil.
1196 3335 1267 3409 Lipa.
1282 3341 1317 3394 11.

197 3445 223 3496 p.
247 3427 306 3498 151]
330 3427 441 3483 eandem
459 3427 516 3480 fero
534 3425 714 3482 condicionem
732 3427 812 3480 huius
829 3425 917 3480 exitus
936 3433 1017 3494 atque
1035 3425 1207 3494 prologorum
1218 3426 1318 3481 Plauti·

198 3530 292 3570 norum
322 3529 436 3582 eumque
464 3528 498 3567 ex
523 3513 644 3568 scaenico
668 3512 756 3569 libello
781 3527 839 3568 esse
863 3512 972 3568 ductum
997 3519 1187 3568 commemorat
1210 3520 1318 3568 secutus

202 3599 405 3669 Daiatrlronem,
424 3601 470 3670 qui
482 3601 516 3654 ad
533 3599 604 3653 hunc
623 3600 721 3654 exitum
741 3599 856 3653 animum
875 3599 992 3653 advertit
1010 3599 1048 3666 [in
1060 3599 1129 3653 Mus.
1142 3599 1226 3655 Rhan.
1246 3598 1317 3652 XXI.

197 3703 223 3755 p.
241 3690 350 3757 90sqq.]
376 3701 435 3740 cum
460 3691 607 3755 exponeret
631 3685 741 3740 similem
762 3685 901 3739 Plautinae
920 3684 1109 3738 Terentianarn
1135 3685 1316 3738 recensionem

197 3778 312 3826 excunte
331 3771 424 3828 Vlla.
444 3789 468 3827 u.
489 3787 557 3827 saec
578 3787 594 3826 a
612 3772 792 3840 grammaticis
816 3772 966 3839 profectam
990 3785 1024 3824 ex
1046 3769 1206 3826 histrionum
1231 3786 1318 3826 exem·

197 3857 317 3927 pleribus
340 3857 464 3913 haustam
488 3873 553 3913 esse.
590 3858 714 3913 Ceterum
737 3857 806 3912 hanc
830 3857 863 3912 de
887 3858 961 3912 exitu
987 3858 1145 3911 sententiam
1165 3857 1213 3910 Dr.
1232 3871 1318 3924 nuper

196 3950 356 4014 aspernatus
375 3959 435 3998 eum
453 3945 511 3998 viro
529 3943 608 3999 docto
627 3943 662 3998 ll.
681 3961 706 4012 p.
722 3943 781 3998 Ghr.
801 3959 870 3999 saec.
889 3943 991 3998 tribuit.
1064 3945 1111 4008 109)
1129 3946 1164 3998 ef.
1183 3943 1316 3999 Daiatzlro

195 4033 211 4086 l.
230 4032 247 4086 l.
266 4049 291 4101 p.
310 4034 388 4100 bouq.
425 4029 534 4086 Steffen.
553 4030 569 4084 l.
590 4031 606 4085 l.
625 4047 651 4098 p.
673 4033 729 4086 150.
751 4035 804 4086 151.
830 4037 857 4084 ct
879 4029 939 4084 adn.
958 4033 999 4084 65.
1018 4032 1060 4086 66.
1096 4029 1245 4084 Schindler.
1264 4029 1280 4082 l.
1300 4030 1335 4083 l.‹

195 4121 275 4186 pro.
312 4117 434 4172 Hoelrer.
453 4116 469 4170 l.
489 4117 504 4172 l.
521 4134 547 4186 p.
561 4119 602 4172 36.
672 4117 719 4184 110)
737 4115 867 4184 Schopen.
887 4115 904 4168 l.
924 4115 940 4169 l.
960 4132 985 4184 p.
998 4117 1039 4172 47.
1058 4118 1098 4169 48.
1135 4113 1243 4169 Steffen.
1264 4115 1280 4167 l.
1300 4116 1316 4168 l.

195 4221 221 4272 p.
241 4208 333 4272 lolsq.
370 4201 546 4256 unicolor.
565 4202 723 4270 lpalsoa
743 4201 813 4254 etin
832 4201 873 4255 ed.
893 4200 998 4254 Phorm.
1028 4216 1053 4268 p.
1076 4204 1115 4254 15.
1150 4201 1242 4254 (locta.
1263 4199 1279 4253 l.
1298 4199 1315 4253 l.

195 4307 221 4359 p.
234 4292 293 4346 275.
396 4294 443 4359 1¹¹)
460 4287 569 4345 Stellae.
589 4294 616 4342 et
634 4289 775 4343 Daiatrko.
794 4288 810 4342 l.
830 4288 846 4342 l.
