3200 5028
830 393 870 458 36

295 599 410 661 ercitum
440 596 559 661 cidisse
586 608 678 681 atquc
706 597 803 664 latine
826 615 1002 660 conversam
1026 591 1212 657 addidisset«
1238 591 1294 657 sed
1320 627 1354 637 -
1378 591 1411 654 in

292 718 328 764 eo
357 705 481 765 tantum
509 718 580 765 oum
606 700 776 765 Ritschelio
805 704 837 764 et
859 697 1024 779 Spengelio
1053 697 1296 776 consentientes,
1327 693 1411 776 quod

287 809 437 884 putamus
466 822 577 869 versus
609 803 675 868 sine
704 804 799 869 dubio
828 801 861 867 in
888 821 1001 868 scaena
1028 820 1096 867 esse
1125 799 1344 884 pronuntiatos
1375 833 1410 842 -

288 907 405 970 exitum
432 925 473 969 ex
503 909 678 973 scaenico
707 910 840 989 aliquo
871 906 1080 988 exemplari
1106 925 1250 972 manasse
1273 910 1318 982 ct,
1342 921 1413 967 oum

291 1008 412 1074 Andria
434 1008 536 1073 denuo
559 1015 720 1091 ageretur,
744 1010 862 1076 factum
885 1029 954 1076 esse
976 1027 1137 1075 censemus
1161 1009 1201 1073 ab
1222 1006 1413 1072 histrione

291 1111 405 1192 aliquo,
429 1111 484 1191 qui
505 1130 569 1176 non
591 1114 733 1192 curabat,
756 1132 832 1177 num
855 1131 892 1177 ea
914 1131 995 1193 quae
1017 1112 1091 1177 fecit
1114 1112 1154 1177 ad
1175 1111 1300 1175 fabulae
1323 1127 1415 1189 argu·

291 1216 432 1278 mentum
461 1219 545 1278 recte
568 1217 782 1294 convenirent,
810 1216 865 1280 sed
887 1215 921 1279 id
941 1219 1067 1280 tantum
1088 1216 1121 1279 in
1144 1214 1246 1278 animo
1268 1211 1413 1288 habebat,

291 1322 328 1380 ut
342 1317 526 1383 Philumena
540 1337 665 1400 quoque
681 1320 713 1384 in
728 1339 842 1385 scaena
857 1319 1106 1400 desponderetur
1120 1322 1152 1382 et
1166 1315 1273 1381 fabula
1292 1314 1414 1379 duabus

293 1420 411 1501 nuptiis
440 1420 584 1486 finiretur
593 1443 603 1506 ;·
631 1423 741 1489 deinde
768 1427 805 1488 ut
833 1426 944 1504 postea
966 1440 1100 1504 quoque,
1124 1421 1151 1486 si
1172 1420 1287 1485 iterum
1309 1418 1416 1483 fabula

294 1526 455 1602 ageretur,
485 1542 594 1588 versus
624 1524 657 1588 in
684 1543 797 1590 scaena
818 1524 1113 1606 pronuntiarentur,
1138 1541 1191 1588 eos
1213 1522 1246 1587 iu
1268 1521 1414 1599 codicem,

294 1643 357 1706 quo
379 1625 547 1690 histriones
571 1629 746 1704 uterentur,
770 1624 897 1707 recepit.

379 1728 678 1794 Histrionesautem
694 1728 954 1793 retractationum
972 1745 1068 1792 causa
1089 1726 1271 1808 saepissime
1292 1724 1417 1789 fabulae

294 1834 401 1911 partes
431 1830 481 1895 vel
509 1834 593 1896 totas
622 1829 745 1895 fabulas
767 1836 908 1897 mutasse
929 1831 1036 1896 multis
1060 1830 1295 1895 demonstratur
1317 1847 1417 1892 exem-

295 1933 421 2016 plis¹⁰⁶).
466 1935 547 1999 Nam
577 1954 648 1999 oum
675 1935 776 2016 poetis
798 1935 931 1999 mortuis
953 1934 1091 1999 Terentii
1113 1938 1146 1998 et
1166 1931 1271 2004 Plauti
1293 1930 1417 1995 fabulae

217 2079 218 2084 κ
297 2035 398 2100 denuo
421 2043 603 2117 agerentur,
627 2038 783 2118 quaedam
805 2038 845 2102 ab
866 2037 1070 2103 histrionibus
1094 2036 1202 2101 addita
1224 2035 1273 2100 vel
1295 2038 1418 2099 mutata

298 2157 367 2203 esse
383 2143 515 2217 constat,
539 2159 620 2221 quae
637 2139 748 2205 deinde
763 2141 794 2203 in
810 2139 953 2204 scaenica
974 2139 1164 2220 exemplaria
1185 2143 1312 2220 recepta
1334 2140 1416 2202 sunt.

297 2242 402 2323 Atque
417 2262 479 2306 non
495 2243 597 2308 solum
608 2242 751 2322 singulos
768 2242 852 2306 locos
868 2241 1062 2323 temporibus
1078 2242 1144 2306 suis
1158 2260 1221 2306 non
1242 2241 1305 2305 iam
1328 2245 1417 2322 aptos

297 2343 353 2408 sed
365 2344 459 2409 etiam
471 2344 627 2426 longiores
636 2349 743 2426 partes
758 2345 929 2410 mutavisse
944 2345 1112 2410 histriones
1126 2344 1278 2426 imprimis
1294 2343 1419 2408 demon·

299 2451 421 2511 stratur
441 2445 554 2511 fabulis
570 2447 738 2512 Plautinis:
761 2449 849 2513 velut
862 2449 993 2514 Poenuli
1014 2449 1179 2513 Plautinae
1202 2448 1338 2513 alterum
1360 2446 1420 2510 exi-

299 2555 367 2614 tum
394 2551 450 2614 tali
479 2549 646 2615 mutationi
673 2553 904 2637 retractationis
928 2571 1024 2617 causa
1045 2551 1146 2618 factae
1169 2551 1275 2618 deberi
1298 2550 1420 2632 egregie

301 2653 528 2718 demonstravit
555 2654 610 2718 Th.
631 2655 804 2735 Hesperus.
848 2654 938 2720 Adde
966 2656 1074 2735 etiam,
1106 2656 1191 2737 quod
1213 2655 1327 2719 Casina
1349 2653 1420 2718 talis

299 2757 401 2838 qualis
431 2776 514 2822 nuno
542 2762 646 2822 exstat
674 2756 758 2822 facta
786 2762 834 2822 est
857 2758 896 2822 ab
918 2759 1070 2823 histrione
1091 2758 1242 2840 quodam,
1266 2758 1321 2840 qui
1343 2777 1419 2835 eam,

301 2879 372 2924 cum
386 2861 501 2925 iterum
516 2865 672 2942 ageretur,
697 2860 729 2924 in
745 2860 919 2926 breviorem
933 2861 1065 2926 formam
1088 2861 1218 2943 redegit,
1241 2880 1311 2926 cum
1327 2861 1423 2941 scrip

300 2964 363 3028 tori
389 2964 511 3044 prologi
533 2969 601 3028 tota
622 2965 727 3029 Plauti
749 2963 856 3029 fabula
877 2969 1004 3045 praesto
1027 2961 1125 3043 ess'et3
1149 2965 1325 3030 Cistellaria
1347 2983 1423 3046 quo-

301 3085 363 3148 que
386 3086 423 3130 ex
444 3067 501 3132 tali
524 3068 693 3149 exemplari
716 3068 857 3134 scaenico
880 3073 951 3132 orta
973 3067 1098 3133 videtur
1120 3087 1197 3134 esse.

388 3171 475 3249 Quae
494 3171 521 3238 si
543 3173 575 3235 in
590 3172 743 3236 Plautinis
765 3171 879 3236 fabulis
901 3170 1089 3252 factasunt,
1113 3172 1189 3253 quid
1211 3171 1325 3250 obstat,
1348 3189 1423 3253 quo-

302 3274 404 3339 minus
432 3275 569 3341 Tere'ntii
598 3293 723 3356 quoque
752 3274 874 3341 fabulas
904 3275 1071 3340 histriones
1100 3280 1241 3341 mutasse
1266 3277 1423 3356 putemus

302 3378 489 3459 praesertim
520 3398 590 3443 oum
619 3379 758 3459 singulos
787 3397 898 3446 versus
915 3378 964 3445 ab
987 3378 1031 3444 eis
1054 3377 1177 3444 additos
1201 3366 1269 3442 esse
1292 3380 1422 3454 constet,

302 3479 456 3561 imprimis
487 3497 557 3561 eos,
585 3481 639 3562 qui
668 3480 701 3544 in
729 3499 793 3545 una
822 3481 994 3562 eademque
1021 3479 1128 3552 fabula
1157 3479 1282 3561 repetiti
1311 3484 1367 3544 aut
1388 3497 1425 3543 ex

303 3584 365 3648 alia
395 3584 532 3650 Terentii
561 3585 705 3651 Plautive
735 3583 842 3649 fabula
871 3584 1015 3650 translati
1048 3583 1262 3666 legunturw').
1314 3583 1425 3665 itaque

372 3792 419 3856 106)
438 3788 471 3844 cf.
491 3785 585 3844 Ritsch
612 3788 673 3842 Par.
692 3804 718 3856 p.
735 3791 777 3843 89.
798 3791 856 3843 198.
892 3789 986 3842 Goetz.
1003 3786 1020 3838 l.
1039 3786 1055 3838 l.
1074 3802 1100 3853 p.
1113 3787 1207 3854 arosq.
1243 3785 1373 3842 Hoelzer:
1392 3786 1425 3841 de

304 3876 430 3943 interpol.
448 3875 509 3929 Ter.
529 3874 589 3928 Hal.
610 3876 682 3929 1878.
708 3890 735 3941 p.
748 3876 788 3927 36.
803 3869 951 3926 'Steinhoff
965 3872 1023 3934 ,dac
1035 3871 1170 3924 Fortlebec
1188 3871 1231 3923 der
1250 3873 1359 3926 Plautus
1377 3875 1431 3937 auf

306 3961 351 4012 der
365 3961 473 4013 Babae.
502 3959 690 4028 blankenburg
711 3962 783 4014 1881.
818 3976 844 4026 p.
863 3961 891 4012 3:
905 3961 928 4010 4.
964 3957 1120 4011 Mommsen.
1139 3956 1173 4012 H.
1192 3955 1225 4012 R.
1252 3956 1301 4010 111.
1329 3975 1354 4027 p.
1366 3961 1425 4012 592.

306 4046 496 4103 Friedlander:
521 4045 761 4113 Sittengeschichte
785 4045 866 4098 Romo
891 4043 925 4097 11.
952 4061 977 4112 p.
996 4047 1055 4099 399.
1094 4042 1298 4097 Recentioribus
1320 4059 1426 4112 quoque

307 4131 473 4200 temporibus
485 4130 551 4185 talia
562 4129 637 4184 facta
650 4145 707 4184 esse
720 4129 918 4184 demonstratur
931 4130 1121 4196 ,Sbakespeare‘
1139 4135 1236 4196 poetae
1255 4129 1427 4184 illustrissimi

306 4215 417 4282 fabulis,
443 4232 509 4287 quar
535 4216 583 4272 tali
606 4217 683 4272 modo
707 4223 800 4274 auctas
826 4231 898 4280 esse,
918 4214 977 4284 quis
994 4221 1035 4270 ost
1054 4215 1117 4284 quin
1137 4215 1222 4268 sciat?
1329 4217 1374 4285 ¹⁰³)
1392 4217 1427 4271 ol.

304 4301 427 4357 Hoelzer.
447 4304 463 4356 l.
483 4304 499 4357 l.
518 4319 544 4370 p.
557 4305 598 4359 ab.
