3200 5028
738 359 776 423 31

660 448 862 456 ——-.

203 566 285 630 nimo
312 563 438 645 quidem
461 564 564 629 studio
587 583 623 628 ac
644 563 751 628 lavore
772 564 986 628 Philumenam
1009 565 1041 626 et
1063 545 1232 624 Charinum
1255 580 1318 624 am-

203 669 311 750 plexus
336 667 430 749 11111).
1204 741 1207 748 ¹

289 772 369 836 Tum
382 772 436 836 illa
450 790 551 835 nonne
566 771 606 834 ab
621 770 784 834 universae
806 769 929 834 fabulae
951 773 1059 832 tenore
1081 770 1113 830 et
1135 771 1318 847 argumento

205 875 254 939 vel
282 875 413 950 maxime
441 875 623 951 abhorrent,
654 893 734 955 quae
757 873 903 938 Chremes
926 867 989 936 'uh
1013 870 1145 952 dicit⁸⁹),
1170 893 1239 947 ,non
1262 869 1322 931 sibi

204 1000 315 1042 mevam
345 1001 406 1042 erse
433 987 525 1041 istanc
554 969 789 1040 ooada'cr'orrenr‘¹
805 981 837 1041 11
865 993 946 1057 quac
972 973 1321 1036 1111111811111111

205 1080 245 1158 ,11
272 1090 329 1146 etei
352 1090 482 1145 alienum
505 1106 524 1145 a
549 1079 686 1144 Charcha
714 1091 815 1142 tamen
838 1085 943 1162 maan'
964 1097 1083 1160 semper
1106 1097 1173 1164 erem
1189 1072 1320 1158 fecr‘rre‘

199 1191 237 1250 ’11
257 1205 337 1268 quae
357 1185 511 1250 Charinus
534 1204 562 1248 v.
581 1186 618 1247 15
643 1184 747 1262 ,amice
767 1207 797 1244 ee
821 1204 885 1246 erae
909 1179 1037 1242 antehac
1062 1176 1217 1240 Chremeti
1236 1176 1322 1238 labr—
1354 1226 1357 1230 .

209 1295 288 1352 rum‘
318 1308 452 1370 quorum
481 1287 618 1352 omnium
647 1305 686 1350 ne
714 1285 880 1366 vestigium
909 1281 1035 1364 quidem
1064 1281 1096 1342 in
1125 1279 1194 1360 ipsa
1215 1278 1322 1343 fabula

206 1392 397 1472 cognoscas?
420 1390 522 1468 Quid?
541 1389 626 1471 quod
641 1407 678 1452 ex
693 1387 800 1452 fabula
814 1392 900 1452 certo
915 1385 980 1449 lere
996 1383 1203 1448 demonstrari
1217 1387 1323 1464 potest

206 1492 400 1558 Chremetem
430 1493 554 1557 omniuo
581 1491 699 1555 nullam
726 1490 869 1554 notitiam
891 1489 1037 1553 habuisse
1060 1487 1186 1551 Charini
1207 1485 1321 1549 nedum

207 1596 321 1660 amoris
354 1595 420 1661 eius
449 1596 480 1659 in
507 1594 742 1658 Philumenam?
776 1591 879 1670 Quid?
907 1610 1017 1663 versus
1049 1592 1086 1654 15
1103 1595 1135 1654 et
1151 1591 1189 1653 18
1218 1608 1319 1653 nonne

207 1717 274 1763 esse
289 1697 364 1762 lacti
378 1697 523 1762 videntur
539 1716 558 1760 1
573 1697 729 1777 quopiam,
752 1697 823 1782 qui,
839 1715 910 1760 cum
932 1695 1065 1758 alterurn
1088 1694 1205 1756 exitum
1227 1693 1323 1774 scrip·

207 1807 297 1866 turus
321 1800 517 1865 Chremetem
540 1799 666 1865 Charini
693 1819 732 1864 ne
753 1801 898 1864 notitiam
919 1797 1045 1880 quidem
1067 1797 1183 1860 habere
1205 1798 1323 1862 intelle-

207 1909 310 1986 geret,
341 1903 399 1968 hoc
425 1902 511 1984 quod
532 1903 698 1968 videbatur
718 1904 829 1967 vitium
850 1901 1015 1967 emendare
1037 1899 1160 1964 studuit
1181 1905 1213 1964 11
1234 1919 1323 1964 voca·

208 2006 289 2071 bulis
318 2004 473 2084 ,antehcc‘
494 2010 528 2070 et
549 2007 709 2084 ,alc'eaum‘
732 2005 906 2088 significare
927 2004 1034 2081 voluit,
1059 2007 1152 2067 antea
1174 2022 1226 2067 eos
1249 2003 1342 2080 ami-¹

208 2129 260 2174 cos
290 2107 400 2185 fuisse,
430 2114 540 2189 postea
569 2114 674 2174 autem
701 2110 805 2174 nescio
835 2127 898 2191 qua
927 2127 1022 2172 causa
1045 2106 1215 2172 discordias
1238 2111 1323 2170 ortas

209 2232 286 2290 esso,
314 2211 427 2293 quibus
451 2211 625 2277 declararet
647 2232 702 2277 cur
723 2213 835 2278 notitia
856 2212 981 2275 illorum
1002 2211 1035 2274 in
1056 2209 1163 2275 fabula
1184 2210 1324 2294 neglcge-

210 2320 297 2378 retur
313 2319 408 2396 atque
423 2313 500 2378 adeo
516 2334 748 2396 supervacanea
763 2317 868 2380 esset?
901 2314 963 2380 Sed
977 2314 1050 2378 huic
1065 2333 1127 2378 nou
1141 2313 1220 2378 vidit
1234 2332 1325 2394 repu-

211 2435 306 2498 gnare
333 2437 361 2481 v.
386 2421 403 2480 7
434 2421 507 2482 118
559 2419 641 2496 ,Noa
679 2417 795 2481 idcirco
828 2424 909 2504 quod
939 2440 1008 2480 eura
1037 2419 1159 2480 mnino
1189 2416 1324 2500 adfinem

209 2521 289 2583 mile·
312 2527 439 2584 aarum}
483 2521 555 2585 Mea
582 2522 707 2603 quidem
737 2522 892 2586 sententia
920 2526 1028 2602 poeta,
1056 2521 1083 2584 si
1103 2521 1186 2584 hunc
1208 2520 1324 2584 exitum

210 2623 345 2688 scribere
375 2626 482 2704 voluit,
505 2625 594 2690 111111
616 2626 723 2707 paucis
746 2625 777 2689 in
799 2625 906 2690 labala
927 2625 995 2705 ipsa
1017 2622 1191 2706 significare
1212 2624 1324 2704 potuit,

211 2726 466 2792 consuetudinem
495 2728 652 2810 quandam
679 2729 761 2794 iuter
783 2748 835 2793 eos
857 2727 969 2805 hrissc,
993 2746 1087 2809 quam
1109 2729 1198 2792 utin
1220 2726 1326 2791 fabula

210 2828 312 2894 inesse
326 2848 473 2910 negemus
489 2831 595 2896 multis
611 2850 841 2896 commovemur
856 2831 967 2895 causis.
1005 2831 1096 2910 Nam,
1119 2831 1151 2894 ni
1165 2831 1211 2896 ita
1233 2835 1324 2908 11111,

212 2933 375 3013 Charinus,
399 2954 469 2999 cum
484 2937 525 3014 Π,
550 2940 610 3015 1,]
636 2937 776 3001 audisset
797 2935 951 3017 Pamphili
973 2940 1005 2999 et
1026 2934 1227 2999 Philumenae
1249 2953 1326 3016 nun

212 3037 272 3101 tias
288 3035 411 3102 futuras
427 3055 504 3118 esse,
528 3039 612 3103 haud
634 3040 727 3106 dubie
749 3059 768 3102 1
791 3038 953 3104 Chremeta
976 3039 1089 3103 certior
1110 3037 1211 3102 lactus
1234 3043 1325 3116 essct,

212 3139 289 3204 istas
306 3157 373 3203 esse
388 3139 464 3204 nihil
478 3142 538 3206 nisi
552 3162 652 3223 nugas
676 3142 817 3207 Simonis.
855 3143 964 3225 Neque
988 3144 1029 3225 (v.
1046 3143 1163 3224 8-10)
1181 3141 1326 3206 Chremes

213 3261 322 3307 verum
337 3242 421 3322 dicit,
444 3245 556 3309 seiam
576 3251 669 3310 antea
691 3246 719 3310 11
733 3245 948 3311 Philumenam
971 3247 1119 3311 daturum
1138 3245 1244 3329 luisse,
1267 3245 1327 3310 nisi

214 3345 396 3424 amicitiam,
428 3365 508 3428 quae
536 3348 618 3412 inter
640 3368 673 3413 se
696 3354 728 3413 et
750 3349 906 3414 Simonem
929 3355 1020 3428 esset,
1043 3349 1148 3415 liberis
1171 3348 1253 3412 tradi
1276 3366 1327 3412 vo

214 3447 336 3528 luisset3
358 3469 459 3532 neque
475 3456 567 3516 antea
581 3452 702 3534 copiam
717 3452 776 3517 sibi
795 3452 901 3518 datam
916 3473 993 3519 esse.
1030 3454 1109 3517 Nam
1125 3453 1187 3516 iam
1210 3450 1328 3516 dudum

214 3552 274 3620 fuit
301 3555 363 3620 ista
392 3557 482 3637 copia
511 3557 586 3622 data
607 3557 638 3620 in
660 3556 714 3626 illa
736 3556 951 3636 altercatione,
975 3576 1055 3638 quae
1078 3555 1234 3620 Chremeti
1257 3573 1327 3618 cum

216 3655 340 3723 Simone
367 3663 448 3742 erat;
477 3679 547 3724 cum
573 3660 653 3725 enirn
677 3659 818 3738 dixisset,
842 3679 875 3724 se
896 3659 1057 3740 Pamphilo
1080 3657 1175 3722 filiam
1197 3657 1328 3738 despon-

215 3759 288 3826 dere
303 3763 393 3840 nolle,
418 3762 527 3826 debuit
541 3767 625 3828 certe
648 3768 704 3826 aut
725 3781 975 3838 commemorare,
998 3780 1031 3825 11
1052 3761 1138 3826 11111
1159 3766 1234 3824 tunc
1250 3758 1329 3823 Cha·
1397 3803 1400 3808 -

215 3864 283 3928 rino
299 3864 456 3944 daturum,
480 3871 536 3930 aut
549 3865 582 3929 id
596 3867 699 3947 ipsum
713 3864 824 3930 facere.
859 3866 963 3946 Atque
977 3863 1004 3928 11
1020 3864 1097 3928 haec
1113 3863 1216 3928 omnia
1237 3881 1328 3942 repu-

287 4119 373 4191 88)11.
392 4121 543 4176 Rummler:
560 4127 662 4189 quaest.
680 4121 739 4174 Ter.
767 4119 828 4175 Hal.
845 4136 871 4188 p.
889 4123 927 4174 18.
947 4151 976 4160 -
996 4120 1135 4174 Daiatzko.
1155 4119 1239 4173 Rhen.
1258 4118 1327 4171 Mus.

217 4207 462 4362 {311511'32412'236
509 4207 544 4272 ⁸⁹)
562 4207 595 4260 cl.
615 4205 717 4260 Ritsch.
735 4206 843 4273 Parerg.
864 4221 889 4272 p.
908 4207 965 4259 602.
1002 4205 1140 4260 Dalatalro.
1158 4204 1249 4258 Fleck.
1267 4218 1326 4256 ann.
