3200 5028
771 394 810 460 29

685 483 887 492 ——-

228 599 292 663 tius
318 599 478 675 Andriam,
501 616 563 662 non
585 599 777 663 Perinthiam
800 598 961 674 convertit,
985 598 1110 662 ridetur
1131 598 1233 679 colligi
1255 615 1347 680 posse

228 703 260 766 in
271 702 391 766 Andria
401 701 525 766 fabulae
541 701 775 782 dispositionem
791 706 823 766 et
838 700 1061 781 expositionem
1077 700 1235 766 meliorem
1251 700 1347 766 fuisse

230 823 324 886 quam
345 805 377 868 in
399 804 573 883 Perinthia,
601 809 633 868 et
656 808 800 886 apparet,
828 785 1041 867 Menandrum
1056 821 1127 866 cum
1149 805 1284 884 primum
1309 843 1343 851 -

231 910 263 973 in
284 909 446 974 Perinthia
471 944 505 953 —
531 913 724 990 spectatores
754 909 875 973 duobus
904 909 937 972 in
964 927 1027 971 una
1056 907 1163 971 fabula
1189 907 1347 972 amoribus

230 1012 321 1076 valde
343 1011 491 1077 delectari
512 1015 649 1093 putaret,
672 1017 781 1093 postea
803 1012 924 1076 actione
947 1011 1071 1075 doctum
1094 1009 1219 1074 Charini
1241 1016 1347 1091 partes

230 1119 261 1181 in
284 1117 404 1182 Andria
431 1117 572 1182 omisisse
601 1135 638 1180 66
667 1116 760 1180 simul
788 1117 971 1193 ,orationem
993 1137 1029 1175 ae
1052 1114 1168 1175 eldam*
1198 1119 1345 1179 mutasse.

229 1220 394 1284 Terentius
424 1223 544 1296 autem,
568 1237 759 1299 quamquam
780 1217 917 1281 Andriae
940 1235 1066 1297 operam
1086 1215 1181 1292 dedit,
1204 1221 1308 1282 tamen
1332 1238 1348 1282 e

229 1323 390 1387 Perinthia
420 1321 538 1403 ahquid
562 1321 712 1403 proficere
734 1341 768 1386 se
789 1340 882 1402 posse
904 1325 993 1385 ratus
1016 1319 1142 1384 Charini
1164 1323 1196 1383 et
1218 1320 1348 1402 Byrriae

229 1431 336 1506 partes
357 1425 389 1490 in
411 1445 500 1491 suam
515 1425 666 1490 Andriam
688 1425 841 1489 convertit
863 1443 899 1489 eo
923 1423 1059 1500 consilio,
1083 1426 1120 1486 ut
1141 1427 1174 1486 et
1195 1424 1348 1487 actionem

222 1533 363 1609 augeret
378 1533 410 1593 et
432 1528 642 1610 dispositionis
666 1529 904 1610 argumentique
926 1528 1156 1609 simplicitatem
1178 1526 1348 1608 pleniorem

230 1637 263 1695 et
289 1632 465 1696 uberiorem
493 1631 652 1708 redderet,
684 1651 754 1696 cum
783 1631 932 1695 maiorem
962 1630 1024 1694 vim
1051 1630 1098 1694 his
1121 1630 1263 1711 partibus
1285 1648 1347 1693 non

229 1736 396 1815 tribueret3
427 1741 460 1800 et
487 1736 601 1800 simiha
628 1736 752 1817 saepius
775 1735 860 1812 fecit,
894 1739 931 1797 ut
960 1733 1132 1798 diverbium
1158 1732 1346 1810 institueret,

229 1839 283 1902 ubi
305 1845 399 1920 poeta
419 1838 558 1904 Graecus
580 1859 675 1904 unam
697 1858 863 1920 personam
886 1857 936 1902 res
958 1836 1057 1902 factas
1080 1837 1146 1901 sine
1168 1838 1232 1901 ulla
1253 1839 1349 1902 inter-

229 1941 376 2006 missione
403 1946 583 2007 narrantem
613 1941 837 2030 induxerat⁸⁵);
866 1945 961 2021 atque
983 1940 1040 2004 hac
1062 1941 1132 2020 ipsa
1153 1941 1274 2005 ratione
1297 1941 1348 2005 de·

230 2048 433 2123 monstratur,
457 2049 576 2127 quanta
591 2050 659 2110 arte
674 2045 838 2109 Terentius
853 2043 975 2107 fabulas
991 2061 1064 2107 suas
1084 2041 1200 2107 fecerit.
1238 2044 1347 2125 Neque

230 2152 334 2212 tamen
364 2149 486 2237 silentio
513 2167 679 2230 possumus
709 2148 894 2230 praeterire,
918 2147 1063 2211 Terentio
1092 2147 1123 2210 in
1145 2146 1264 2210 Andria
1285 2166 1347 2210 non

231 2250 308 2314 satis
332 2250 512 2332 contigisse,
535 2256 572 2315 ut
593 2272 610 2316 e
631 2252 764 2316 materia
785 2251 952 2326 uberrima,
975 2269 1070 2331 quam
1093 2249 1218 2314 Charini
1240 2257 1347 2332 partes

231 2354 390 2433 praebent,
413 2354 513 2418 multa
534 2355 565 2417 in
588 2375 680 2419 suum
702 2373 794 2419 usum
817 2352 1065 2434 converteret⁸⁶).
1103 2353 1160 2417 His
1184 2352 1346 2418 decausis

231 2455 394 2521 Terentius
417 2457 544 2522 Charini
565 2477 699 2539 persona
721 2477 797 2523 usus
820 2462 881 2535 est;
904 2455 973 2532 sed,
997 2473 1035 2518 ne
1057 2455 1153 2534 idem,
1177 2456 1262 2537 quod
1283 2457 1347 2521 Me·

230 2559 349 2623 nander
369 2560 401 2623 in
422 2561 597 2638 Perinthia,
621 2566 773 2642 peccaret,
798 2580 835 2625 ex
857 2561 923 2625 eius
946 2559 1088 2639 partibus
1111 2564 1235 2624 tantum
1257 2583 1346 2646 ,quae

230 2669 406 2724 convenere
429 2665 600 2728 transtulit.
638 2666 718 2729 Nam
733 2670 858 2747 poetam
873 2665 905 2728 in
925 2668 1063 2728 extrema
1077 2663 1183 2729 fabula
1204 2666 1253 2731 his
1276 2686 1348 2747 par-

229 2761 314 2828 tibus
343 2765 473 2830 eandem
502 2769 565 2831 vim
591 2786 686 2849 quam
707 2768 861 2849 Pamphili
883 2787 939 2834 nec
961 2770 1108 2834 tribuisse
1130 2787 1186 2833 nec
1208 2770 1346 2834 tribuere

230 2866 369 2945 potuisse
384 2867 628 2935 luculentissime
648 2875 779 2952 apparet
801 2891 837 2935 ex
859 2890 895 2936 eo
918 2872 1020 2952 modo,
1043 2893 1105 2954 quo
1129 2873 1255 2937 Charini
1277 2893 1347 2954 per-

230 2987 307 3032 sona
329 2970 361 3032 in
382 2969 489 3036 fabula
511 2973 691 3038 adhibetur:
715 2975 848 3038 Tantum
864 2976 905 3053 ll,
929 2978 997 3041 ‘Zet
1011 2978 1063 3054 IV,
1083 2981 1098 3040 1
1123 2978 1189 3042 eius
1212 2997 1346 3058 persona

230 3071 363 3136 alacrior
378 3079 410 3137 et
424 3076 505 3140 actio
520 3077 625 3158 paullo
641 3078 743 3142 acrior
762 3078 894 3157 videtur,
918 3084 951 3143 et
972 3085 1047 3161 apta
1068 3099 1132 3161 qua
1153 3084 1345 3161 spectatores

231 3177 407 3257 capiantur3
431 3197 620 3261 quamquam
635 3182 667 3245 in
683 3181 730 3246 his
746 3200 870 3263 quoque
885 3183 1005 3246 scaenis
1021 3183 1174 3247 Charinus
1190 3183 1266 3246 nihil
1281 3182 1345 3248 iere

231 3279 304 3360 agit,
328 3280 387 3345 nisi
403 3281 488 3362 quod
502 3284 645 3363 queritur
666 3290 699 3349 et
720 3285 907 3364 conclamat3
930 3305 993 3366 quo
1015 3287 1113 3368 magis
1137 3292 1242 3352 autem
1264 3288 1345 3352 actio

231 3381 271 3446 ad
285 3381 376 3448 finem
391 3391 548 3467 properat,
572 3406 608 3451 eo
631 3387 733 3452 minus
756 3387 794 3452 de
810 3388 944 3452 Charino
967 3391 1017 3470 agi
1040 3391 1168 3472 eiusque
1189 3391 1238 3455 vix
1262 3410 1346 3456 men-

230 3485 347 3550 tionem
375 3486 443 3551 fieri
471 3485 670 3553 manifestum
699 3496 755 3556 est.
800 3491 868 3556 Iam
890 3491 927 3570 V,
952 3495 1051 3558 5616
1075 3493 1228 3559 Charinus
1250 3496 1346 3561 inter-

231 3589 349 3670 rumpit
378 3594 501 3654 tantum
524 3611 585 3670 eos,
610 3593 664 3673 qui
686 3594 867 3675 loquuntur,
890 3595 1012 3675 paucis3
1035 3596 1094 3660 sub
1115 3595 1239 3663 fabulae
1261 3599 1345 3663 deni·

231 3709 292 3771 que
313 3692 405 3758 finem
428 3695 507 3780 petit
528 3696 635 3776 paucis
658 3716 677 3760 a
698 3687 874 3778 Pamphilo,
898 3703 934 3762 ut
956 3717 990 3763 se
1011 3699 1113 3779 ipsum
1136 3703 1179 3778 ,iu
1202 3700 1345 3765 secundis

230 3796 395 3878 reopiniot‘
411 3817 483 3862 nam
499 3799 693 3865 Chremetem
709 3802 821 3880 omnia,
845 3821 1049 3900 quaecunque
1070 3809 1166 3884 petat,
1189 3802 1343 3869 facturum

302 4052 338 4118 ⁸⁵)
356 4056 389 4111 cl.
414 4057 512 4111 Donat.
540 4057 574 4111 ad
593 4058 674 4111 Andr.
699 4059 764 4126 prol.
789 4077 812 4112 r.
839 4062 925 4130 1031,
946 4066 973 4126 1,
993 4067 1013 4115 l.
1049 4063 1117 4116 Eun.
1136 4063 1176 4130 11,
1195 4067 1223 4130 2,
1242 4067 1282 4118 23.
1301 4069 1342 4118 24.

234 4138 283 4206 111,
301 4143 326 4206 4,
348 4146 368 4194 1.
405 4142 436 4210 V,
455 4147 479 4211 8,
498 4147 522 4196 4.
630 4144 665 4210 ⁸⁶)
684 4144 716 4197 af.
735 4159 795 4198 cum
814 4146 880 4199 alios
898 4153 954 4200 tum
972 4147 1099 4202 Ritsahel.
1117 4149 1213 4216 Opusc.
1232 4149 1267 4216 11,
1285 4152 1343 4204 764.

231 4222 355 4291 Spengel.
373 4225 391 4280 l.
409 4225 427 4280 l.
445 4242 471 4293 p.
489 4229 541 4280 614
563 4233 590 4280 ot
614 4228 641 4279 in
660 4227 741 4280 Andr.
765 4227 805 4282 ed.
829 4245 855 4297 p.
873 4229 973 4283 XVlll.
1010 4233 1150 4286 Duiatzlro.
1169 4234 1185 4286 l.
1205 4232 1221 4286 l.
1240 4249 1265 4301 6.
1283 4237 1342 4288 252.

230 4307 316 4362 Klein.
335 4309 430 4364 Cescb.
450 4310 496 4364 des
514 4312 628 4366 Dromas
646 4313 679 4366 ll.
698 4315 841 4370 ons-580.
