3200 5028
861 379 901 443 20

778 467 979 478 —-.--——

406 585 438 650 si
468 585 537 666 quis
565 584 664 649 credit
685 584 742 649 hos
765 584 844 648 duos
867 583 968 648 exitus
990 602 1047 663 per
1068 581 1197 648 inseitos
1220 581 1365 647 librarios
1387 580 1436 645 vel

321 689 454 768 aliquem
484 688 585 752 virum
615 688 739 752 doctum
772 725 803 733 -
837 687 955 751 seilicet
983 685 1081 749 multo
1112 689 1185 749 ante
1214 685 1373 749 Donatum
1399 720 1432 728 —

321 791 419 855 factos
436 811 504 856 esse
520 809 557 855 ex
578 810 641 855 uno
663 791 717 855 illo
739 791 824 855 exitu
846 809 908 871 quo
931 794 1024 871 poeta
1046 788 1184 853 fabulam
1206 786 1321 852 finierit
1343 791 1437 867 atque

322 894 445 958 anobis
469 913 561 974 posse
582 895 665 959 inter
686 913 720 960 se
741 895 787 959 ita
809 894 975 970 conciliari,
998 898 1035 956 ut
1055 892 1107 956 ille
1130 891 1215 956 solus
1237 891 1436 956 restituatur:

320 996 490 1061 tenendum
517 1001 577 1074 est,
606 996 709 1061 indole
738 1016 885 1062 versuum
912 997 1077 1077 utriusque
1104 995 1205 1059 exitus
1227 994 1260 1058 id
1280 992 1437 1075 impediri3

321 1119 393 1163 nam
422 1117 492 1163 oum
522 1100 695 1164 sententiae
724 1099 836 1165 horum
866 1119 1014 1164 versuum
1041 1099 1105 1163 sint
1131 1097 1272 1164 diversae
1294 1102 1326 1162 et
1347 1097 1438 1178 plane

321 1202 506 1280 contrariae,
530 1201 628 1285 (quod
648 1201 728 1266 inira
751 1201 1029 1284 demonstrabitur)
1053 1202 1187 1265 alterum
1209 1201 1326 1264 exitum
1349 1199 1438 1264 alteri

323 1303 476 1384 refragari
497 1325 554 1370 neo
568 1324 660 1387 posse
682 1311 767 1371 stare
789 1305 871 1370 huno
895 1305 953 1370 nisi
976 1305 1100 1370 sublato
1122 1305 1175 1369 illo
1197 1321 1287 1370 nemo
1310 1321 1372 1367 non
1393 1303 1439 1366 iu-

321 1407 457 1488 telleget.

409 1510 494 1574 Haeo
510 1514 615 1573 autem
636 1509 747 1586 omnia,
771 1526 851 1589 quae
874 1508 912 1573 de
935 1508 1091 1576 codicibus
1114 1508 1257 1586 diximus,
1280 1527 1348 1574 esse
1370 1527 1439 1573 eon·

322 1613 474 1690 iecturas,
505 1631 587 1693 quae
603 1617 687 1676 certo
709 1610 827 1675 firmari
849 1630 911 1676 non
932 1616 1065 1692 possunt
1087 1616 1288 1692 argumento,
1312 1629 1373 1674 non
1395 1611 1447 1690 ig:

322 1734 487 1793 noramus3
516 1714 572 1779 sed
601 1716 677 1780 satis
707 1733 863 1795 superque
884 1714 1049 1790 habemus,
1080 1715 1108 1778 si
1129 1714 1218 1778 nobis
1241 1713 1380 1794 contigit,
1403 1717 1439 1776 ut

322 1835 419 1882 unum
435 1815 607 1880 alterumve
621 1814 782 1895 probabile
805 1815 1041 1880 reddiderimus.
1087 1816 1147 1881 Vix
1170 1816 1252 1880 enim
1274 1816 1438 1897 quisquam

322 1921 354 1983 in
383 1919 441 1982 hoo
471 1937 583 2000 genere
613 1918 651 1982 de
681 1936 737 1982 suo
767 1917 880 1982 iudioio
910 1918 987 1982 talia
1015 1916 1166 1998 proferet,
1194 1936 1275 1999 quae
1297 1918 1439 1982 omnibus

322 2023 502 2104 probentur.

843 2258 922 2340 v1.

456 2415 744 2501 ’1111111Χί111
777 2420 886 2501 sitne
918 2419 1106 2502 Terentii
1138 2450 1217 2502 neo
1249 2449 1313 2503 ne.

410 2636 459 2699 Ex
478 2633 527 2699 his
543 2632 686 2698 omnibus
705 2651 786 2715 quae
808 2635 909 2700 adhue
932 2636 970 2700 de
993 2636 1134 2702 codicum
1156 2637 1277 2701 ratione
1300 2635 1441 2718 exposui·

325 2754 394 2799 mus
423 2737 597 2801 necessario
619 2723 763 2802 movetur
785 2736 953 2815 dubitatio,
982 2758 1057 2802 num
1080 2738 1160 2805 alter
1181 2740 1282 2806 exitus
1305 2738 1441 2807 Terentii

326 2839 384 2916 sit3
407 2857 487 2919 quae
503 2839 657 2904 dubitatio
671 2839 778 2904 multis
794 2841 984 2920 argumentis
1000 2859 1037 2904 ex
1051 2840 1158 2905 fabula
1172 2841 1242 2922 ipsa
1256 2841 1357 2907 ductis
1372 2860 1443 2906 oon·

325 2940 477 3006 firmatur.
516 2943 625 3023 Neque
641 2943 722 3007 enim
738 2943 770 3006 id
790 2945 903 3024 agitur,
924 2949 961 3008 ut
982 2945 1083 3008 exitus
1106 2944 1319 3010 audacissimis
1342 2949 1373 3008 et
1395 2963 1444 3007 ar-

326 3045 551 3110 tificiosissimis
575 3045 759 3109 coniecturis
782 3045 972 3123 emendetur,
995 3046 1050 3110 sed
1065 3050 1102 3110 ut
1115 3047 1319 3128 inquiramus,
1336 3051 1442 3111 utrum

327 3149 499 3214 sententiae
528 3168 597 3213 oum
627 3152 811 3228 argumento
837 3147 961 3213 fabulae
990 3149 1035 3212 ita
1058 3156 1244 3231 congruant,
1272 3153 1309 3213 ut
1330 3167 1443 3215 scaena

326 3253 380 3316 illa
402 3272 419 3317 e
440 3256 551 3333 poetae
578 3251 675 3332 ipsius
698 3250 841 3314 manibus
863 3250 1016 3332 prodiisse
1037 3252 1179 3332 putanda
1199 3251 1240 3316 sit
1261 3270 1318 3316 neo
1339 3270 1379 3315 ne
1401 3254 1441 3328 et,

327 3356 354 3419 si
376 3374 395 3418 a
416 3355 560 3419 Terentio
580 3372 689 3418 versus
712 3353 909 3418 abiudioandi
932 3359 1014 3432 sunt,
1039 3354 1161 3419 cuinam
1183 3359 1215 3419 et
1237 3354 1287 3418 oui
1309 3351 1440 3434 tempori

327 3457 485 3521 tribuendi
507 3458 578 3522 sint.

411 3561 571 3624 Donatum
600 3559 697 3640 igitur
724 3565 756 3625 et
782 3559 998 3641 Eugraphium
1026 3560 1097 3624 illos
1125 3578 1234 3626 versus
1258 3579 1276 3624 a
1298 3558 1441 3624 Terentio

328 3662 553 3728 abiudicavisse
575 3663 637 3727 iam
653 3682 749 3744 supra
763 3662 914 3740 vidimus3
936 3666 1063 3744 praeter
1084 3663 1168 3727 locos
1191 3681 1288 3744 supra
1309 3661 1440 3741 scriptos

328 3765 365 3830 of.
381 3766 476 3831 etiam
503 3785 585 3847 quae
614 3765 744 3830 adnotat
765 3754 844 3829 Donss
862 3764 902 3828 ad
916 3765 953 3842 V,
971 3767 999 3839 6,
1018 3766 1066 3842 13,
1085 3767 1132 3842 14,
1152 3767 1211 3842 17,
1235 3765 1289 3845 qui
1312 3765 1353 3828 ob
1374 3780 1442 3827 eam

329 3887 454 3933 eausam
470 3868 546 3932 nihil
561 3869 593 3932 in
608 3886 660 3932 eos
677 3871 903 3932 commentatus
918 3866 973 3931 sed
989 3867 1090 3931 solum
1112 3867 1246 3932 alterurn
1269 3865 1443 3931 breviorem

329 3971 446 4034 exitum
468 3969 693 4050 interpretatus
716 3971 777 4046 est,
801 3967 886 4048 quod
907 3986 943 4031 eo
965 3968 1064 4049 magis
1087 3968 1287 4034 memorabile
1308 3968 1442 4046 videtur,

329 4072 476 4154 quoniam
503 4071 536 4135 hi
562 4091 671 4138 versus
701 4073 767 4137 eius
794 4071 987 4153 temporibus
1010 4072 1108 4136 multo
1130 4072 1300 4137 minoribus
1322 4071 1443 4136 mendis

329 4181 361 4239 et
393 4175 476 4240 vitiis
510 4175 627 4256 scripta
658 4175 794 4240 fuerunt.
851 4174 993 4257 Guyetus
1022 4193 1131 4240 versus
1164 4173 1382 4258 supposititios
1413 4178 1445 4238 et

329 4278 474 4342 Terentio
486 4278 578 4359 plane
593 4278 734 4360 indignos
750 4278 883 4358 iudicat3
899 4278 981 4344 idem
997 4282 1185 4343 censuerunt
1197 4276 1442 4354 Westerhovius,
