3200 5028
814 761 869 838 II.

286 916 441 1018 Qualia
480 918 651 1029 singula
687 918 820 1002 verba
860 917 1080 1001 codicibus
1113 918 1199 1001 sint
1229 869 1399 1000 tradita.

368 1134 563 1216 Scripturam
578 1133 718 1198 codicum
732 1135 764 1199 in
787 1135 845 1200 hoc
868 1135 966 1199 altero
989 1133 1072 1199 exitu
1095 1133 1210 1199 mirum
1232 1140 1280 1200 est
1301 1136 1400 1200 multo

283 1239 452 1304 maioribus
480 1238 563 1302 vitiis
594 1243 773 1319 corruptam
803 1256 988 1320 essequam
1010 1237 1042 1300 in
1065 1237 1176 1302 ceteris
1199 1237 1335 1303 Terentii
1356 1236 1401 1301 f-

282 1341 373 1406 bulis.
419 1341 578 1419 Quaedam
608 1341 690 1406 enim
717 1360 756 1406 ne
786 1340 1040 1424 ingeniosissimis
1067 1339 1193 1422 quidem
1216 1341 1400 1406 coniecturis

284 1444 430 1510 adhibitis
459 1446 536 1511 satis
566 1445 843 1528 intelleguntur¹⁵).
888 1445 1043 1524 Persaepe
1072 1443 1210 1526 quinque
1239 1444 1284 1508 illi
1311 1443 1398 1509 codd.

283 1548 363 1612 alius
394 1548 486 1613 aliam
513 1548 676 1614 lectionem
705 1567 804 1630 aeque
832 1550 971 1631 ineptam
998 1552 1030 1612 ct
1059 1547 1224 1612 obscuram
1249 1547 1401 1630 praebent

282 1653 341 1729 ita,
364 1658 401 1716 ut
423 1652 598 1718 discernere
621 1654 744 1718 omnino
767 1672 829 1718 non
851 1653 1020 1735 possimus,
1043 1651 1119 1733 quid
1141 1651 1276 1717 voluerit
1296 1655 1398 1733 poeta

282 1755 450 1820 Praeterea
476 1755 548 1820 inde
571 1775 590 1820 a
611 1775 704 1821 versu
722 1760 758 1820 11
776 1757 871 1821 etiam
902 1755 1060 1821 distinctio
1090 1773 1238 1820 versuum
1259 1754 1291 1818 in
1312 1753 1399 1818 libris

284 1858 407 1923 diversa
421 1851 478 1937 est,¹
502 1877 565 1941 qua
579 1878 613 1924 re
629 1860 801 1941 longissimi
824 1864 855 1925 et
876 1859 1052 1941 pravissimi
1074 1878 1183 1924 versus
1206 1857 1398 1923 exhibentur.

368 1962 556 2044 Itaqueiam
574 1962 647 2027 olirn
670 1963 812 2046 Guyetus
834 1964 891 2028 hos
913 1982 1022 2027 versus
1044 1980 1106 2026 non
1129 1962 1229 2026 solum
1252 1961 1401 2042 deprava-

283 2065 419 2130 tissimos
441 2065 564 2130 vocavit
585 2065 641 2130 sed
663 2066 758 2130 ctiam
780 2065 999 2147 suppositicios
1022 2070 1054 2130 et
1075 2065 1220 2130 Terentio
1242 2064 1334 2146 plane
1354 2064 1399 2128 in·

284 2167 448 2251 dignos¹⁶),
477 2169 620 2234 similiter
642 2169 877 2242 Westerhovius
900 2168 939 2232 de
959 2169 997 2233 iis
1020 2167 1149 2233 iudicat:
1175 2168 1286 2230 »verba
1310 2168 1400 2230 nntri-

284 2281 353 2333 catu
385 2271 592 2350 erchanrao,
622 2295 660 2334 ne
688 2274 791 2336 dicam
821 2273 975 2350 barbara,
1003 2286 1031 2335 et
1059 2272 1172 2357 quibus
1195 2273 1400 2349 intelicqendis

286 2371 405 2458 Oedipo
421 2395 499 2458 opus
520 2381 560 2437 sit
582 2376 758 2453 coniectore,
782 2377 838 2462 qui
860 2373 1009 2460 Spiinqis
1030 2377 1184 2460 interpres
1200 2374 1273 2461 fuit
1296 2423 1303 2439 .
1326 2422 1334 2438 .
1359 2422 1366 2438 .
1391 2421 1398 2436 .

286 2500 355 2540 curn
379 2476 474 2553 ipitur
495 2475 575 2540 nihii
596 2485 698 2541 nrinns
721 2501 815 2564 quana
843 2479 1060 2542 Terentianum
1082 2477 1187 2542 stilum
1210 2479 1346 2563 sapiant,
1367 2478 1400 2540 in

285 2579 326 2641 iis
343 2577 543 2642 restituendis
559 2590 587 2643 et
603 2579 815 2646 ernucniandis
831 2582 964 2668 frustra
987 2584 1057 2668 queis
1080 2606 1208 2666 operam
1228 2583 1396 2666 posuerit«

286 2681 385 2759 Quam
413 2683 599 2748 sententiam
630 2684 775 2765 probavit
802 2685 988 2768 Perletur¹⁷)
1022 2709 1077 2747 »ac
1105 2684 1261 2771 prosecta,
1288 2685 1398 2766 inquit,

284 2806 371 2848 neruo
400 2783 523 2867 quidem
544 2786 664 2867 ,fecerit
690 2789 859 2864 iacturam,
888 2790 944 2874 qui
970 2789 1083 2852 notitia
1105 2789 1227 2852 illorum
1250 2787 1396 2852 carebit«

285 2888 490 2954 Doederlinus
521 2909 645 2971 quoque
673 2910 743 2956 cmn
772 2891 908 2956 codicem
937 2889 1125 2957 Altorfinum
1146 2914 1166 2953 u
1187 2890 1401 2955 excudendum

285 2997 423 3068 curaret,
453 2998 575 3074 partem
597 2998 721 3058 tantum
743 3013 891 3060 versuum
912 2995 1101 3072 emendavit,
1125 2993 1257 3059 alteram
1279 2997 1400 3075 partem

285 3098 385 3158 metro
418 3100 450 3160 ct
481 3097 644 3162 sententiis
671 3097 783 3162 misere
817 3097 1011 3163 laborantem
1038 3096 1172 3163 fideliter
1200 3097 1402 3179 descripsisse

284 3197 361 3262 satis
383 3199 524 3282 ratast).

284 3385 318 3438 sb
336 3385 388 3440 alio
409 3385 523 3454 quodam
541 3386 599 3441 viro
617 3387 695 3442 docta
714 3386 877 3458 affirmatur,
896 3404 913 3444 a
931 3388 1084 3457 Schmidtia
1103 3389 1195 3459 quiin
1213 3389 1401 3447 ffisserutionc

287 3469 320 3523 de
340 3477 460 3526 actorum
479 3487 588 3527 numero
606 3473 633 3526 in
652 3473 749 3528 fabulis
767 3475 897 3529 Plautinis
915 3482 943 3529 et
955 3476 1123 3532 Terentianis
1140 3476 1182 3531 ed.
1200 3492 1224 3532 a.
1246 3481 1312 3535 1870
1329 3494 1355 3546 p.
1367 3481 1401 3532 39

288 3559 356 3611 haec
378 3557 499 3612 adnotat:
525 3559 624 3612 >Scies
647 3561 683 3610 iis
700 3562 763 3627 jetnt
785 3579 871 3614 waren
888 3563 948 3614 ewei
964 3562 1156 3615 Schinaeccncn
1174 3563 1221 3615 dar
1239 3563 1345 3615 Andria
1363 3564 1402 3614 tc·

287 3643 375 3696 kannt.
413 3644 482 3696 Herr
501 3645 796 3698 Bibliotirclrs·Assistcnt
814 3646 862 3700 Dr.
882 3649 917 3702 M.
936 3647 1034 3700 Ζιιοῖιον
1055 3647 1208 3700 amiatae
1226 3647 1332 3701 imcod.
1351 3647 1401 3698 Er-

284 3730 413 3796 lappensis
437 3747 462 3782 n.
481 3731 534 3782 300
552 3730 623 3782 sinen
641 3748 724 3783 neuen
742 3733 824 3785 esitus
842 3733 924 3786 dieser
941 3734 1066 3786 Komodte
1081 3735 1225 3801 aduodes,
1243 3735 1270 3784 in
1288 3733 1402 3786 udaium

288 3834 376 3867 ausser
400 3816 564 3884 Pamphilus,
586 3815 729 3884 Gdanmaa,
747 3818 849 3884 Deam,
875 3819 1003 3884 Chronica,
1026 3820 1068 3872 aa
1091 3821 1118 3870 in
1142 3820 1222 3872 sinam
1245 3819 1292 3872 ter
1314 3819 1403 3872 beiden

287 3901 386 3952 andern
411 3903 493 3953 esitus
511 3902 655 3968 austratem
674 3904 739 3955 necis
757 3903 826 3956 Simo
844 3905 1002 3958 aramma«
1039 3903 1092 3958 Sed
1110 3903 1144 3957 dc
1161 3902 1213 3957 hoc
1231 3903 1309 3957 tertio
1329 3896 1402 3958 eiitu

288 3984 353 4037 nihil
373 3986 439 4039 certi
459 3987 606 4054 comperire
625 3989 708 4056 potui,
726 4004 813 4058 neque
832 4005 943 4059 usquam
963 4007 1022 4045 cum
1041 3991 1205 4058 exscriptum
1222 3988 1284 4043 vidi.
1371 4045 1377 4055 ,

356 4073 390 4137 11)
408 4071 482 4125 velut
505 4086 530 4125 v.
549 4088 572 4125 v.
594 4076 625 4128 13
635 4076 731 4141 (12)-
744 4078 775 4130 19
794 4076 827 4128 ci.
845 4075 976 4130 Dniatzlro
999 4077 1026 4130 in
1044 4075 1175 4131 Fleckeis-
1199 4089 1260 4130 ann.
1283 4075 1333 4130 vol.
1355 4079 1403 4130 113
1435 4143 1440 4154 ,

284 4171 310 4223 p.
324 4158 383 4211 236.
412 4157 455 4211 W.
473 4157 593 4226 Wagner
611 4157 638 4212 in
656 4158 719 4214 edit.
738 4161 799 4214 Ter.
818 4160 871 4215 tab.
890 4160 1015 4216 Cantaba
1037 4164 1108 4217 1666.
1135 4177 1161 4230 p.
1173 4165 1232 4217 316.

353 4244 387 4312 11)
406 4242 551 4299 Commeat.
570 4244 597 4298 in
615 4244 675 4299 Ter.
694 4261 761 4301 com.
778 4249 921 4316 Argentor.
943 4248 1016 4302 1667.
1041 4262 1067 4314 p.
1080 4249 1138 4302 386.
1241 4247 1276 4313 11)
1293 4247 1321 4302 iu
1339 4245 1403 4303 edit.

284 4344 353 4383 nove
371 4329 413 4399 ad,
438 4333 510 4387 lsai.
537 4331 641 4386 Andria
658 4348 683 4400 p.
701 4335 756 4387 106.
859 4333 893 4402 11)
913 4333 947 4387 cf.
966 4346 1048 4400 supra
1066 4348 1092 4400 p.
1104 4337 1128 4388 8.
