3200 5028
576 1223 954 1344 PRAEFATIO.

291 1575 495 1710 Quamquam
514 1605 577 1682 iam
600 1606 774 1688 complures
797 1606 855 1671 viri
879 1606 961 1672 docti
983 1607 1015 1672 in
1037 1607 1096 1672 hae
1118 1626 1212 1688 quarn
1235 1609 1323 1676 nobis

204 1754 424 1837 proposuimus
440 1750 623 1834 quaestione
646 1752 762 1817 versati
784 1757 867 1831 sunt,
891 1758 996 1819 tamen
1018 1753 1157 1819 nondum
1179 1754 1325 1820 absoluta

203 1891 293 1956 nobis
312 1889 438 1955 videtur
459 1908 537 1968 esse,
561 1908 631 1955 curn
646 1889 690 1954 illi
713 1891 744 1955 in
768 1890 994 1956 diversissimas
1019 1891 1181 1957 discedant
1202 1897 1324 1958 senten·

203 2028 273 2108 tias,
297 2048 430 2110 quamm
445 2029 533 2094 nullo
547 2027 648 2093 adhuc
671 2028 813 2094 omnibus
835 2029 1002 2111 probatur:
1027 2030 1079 2094 alii
1102 2029 1183 2095 enim
1206 2030 1323 2094 exitum

203 2165 337 2230 alterum
359 2165 420 2246 ipsi
442 2165 586 2231 Terentio
609 2164 766 2231 vindicare
788 2167 910 2244 volunt,
934 2166 987 2230 alii
1008 2171 1121 2247 poetae
1142 2186 1222 2232 saec.
1246 2186 1273 2231 a.
1291 2188 1321 2233 u.

203 2301 288 2380 VII.;
318 2301 371 2366 alii
400 2321 471 2366 oum
494 2321 514 2366 a
535 2302 602 2366 viro
632 2302 737 2384 aliquo
767 2302 858 2368 docto
879 2302 921 2367 ΙΙ.
937 2322 967 2384 p.
985 2301 1056 2368 Chr.
1080 2322 1175 2382 seeo,
1199 2304 1252 2368 olii
1274 2306 1323 2370 vel

203 2458 222 2504 a
244 2439 447 2521 grammatico
470 2439 523 2505 IV.
540 2460 569 2523 p.
587 2439 658 2506 Chr.
675 2459 699 2505 s.
723 2439 840 2505 factum
862 2443 921 2521 put
963 2443 985 2504 t.

289 2577 376 2656 Quae
398 2597 470 2643 cum
491 2578 538 2643 ita
559 2579 635 2658 sint,
658 2597 720 2644 non
742 2597 1009 2662 supervacaneum
1032 2582 1126 2658 atque
1147 2577 1257 2643 inutile
1278 2578 1322 2642 vi·

203 2717 296 2781 detur
308 2715 409 2781 denuo
422 2719 522 2780 totam
535 2714 616 2780 hano
631 2715 845 2796 quaestionem
861 2733 999 2792 movere3
1015 2713 1122 2794 itaque
1136 2713 1194 2778 hac
1209 2714 1322 2780 disser-

203 2853 322 2919 tatione
337 2853 376 2919 de
391 2854 554 2919 sententiis
570 2853 672 2919 adhuc
686 2852 817 2936 prolatis
833 2853 981 2918 iudicium
996 2851 1145 2917 facientes
1162 2870 1320 2930 conamur,

202 3010 278 3056 num
301 2991 470 3073 contingat,
495 2996 531 3056 ut
557 2991 676 3073 aliquid
698 2991 884 3074 proferatur,
907 2990 1039 3071 quodsi
1062 3010 1123 3055 non
1146 2994 1265 3055 certum
1288 2992 1322 3053 at

204 3133 309 3195 tamen
331 3129 493 3212 probabile
515 3129 668 3196 videatur.
