3200 5028
808 379 850 442 40

270 584 336 649 veri
352 584 451 650 simile
466 588 515 649 est
530 582 715 665 calliopium
737 603 809 649 eum
831 582 954 662 vidisse,
977 581 1004 648 si
1026 585 1098 662 post
1112 582 1270 646 Donatum
1292 579 1388 646 luisse

271 687 400 770 eiusque
415 687 671 753 commentarium
687 688 867 770 cognovisse
882 686 1041 769 putandus
1057 690 1106 750 est
1124 722 1159 730 -
1176 703 1238 749 non
1259 684 1287 750 ei
1310 703 1388 765 opus

272 789 333 854 fuit
347 791 465 872 aliquid
480 790 644 856 adnotare:
668 791 723 856 sed
738 810 809 856 cum
824 792 932 873 paucis
954 791 1055 872 iisque
1077 789 1284 855 deterioribus
1307 787 1389 853 codi-

272 893 359 959 cibus
374 895 525 977 scriptum
541 913 613 958 enm
628 893 749 960 videret
763 899 795 959 et
816 894 931 959 idcirco
954 894 1091 959 Terentii
1113 912 1182 959 esse
1204 896 1334 972 negaret
1352 927 1386 936 -

219 1063 226 1078 ,
273 993 406 1061 fortasse
421 998 581 1062 Donatum
595 1002 721 1062 secutus
748 1034 782 1042 -
807 1016 879 1062 eum
901 1015 964 1061 non
986 997 1104 1078 recepit
1125 997 1158 1060 in
1179 995 1389 1061 recensionem

273 1099 428 1182 suam¹¹=¹·).

359 1199 505 1267 Ceterum
521 1222 578 1285 ego
594 1222 719 1285 quoque
733 1204 810 1268 mihi
829 1203 970 1286 persuasi
993 1203 1031 1268 de
1054 1206 1194 1283 tempore
1215 1219 1278 1266 non
1299 1220 1391 1284 posse

273 1303 404 1369 indicari
434 1324 471 1369 ex
494 1306 628 1372 dictione
649 1308 743 1372 huius
765 1307 880 1385 exitus,
903 1325 977 1372 nam
999 1305 1052 1370 alii
1074 1304 1240 1370 dictionem
1262 1303 1390 1369 summis

273 1406 419 1472 laudibus
449 1408 581 1475 ederunt
603 1429 734 1492 eamque
756 1412 783 1476 si
804 1430 866 1476 non
888 1409 1033 1476 Terentio
1055 1408 1228 1486 vindicant,
1252 1413 1390 1473 attamen

310 1695 320 1702 ,
343 1631 392 1696 ¹1⁵)
411 1630 569 1700 Galliopium
594 1636 657 1685 ante
682 1632 815 1686 Donatum
841 1630 946 1686 fabulas
969 1628 1148 1696 recensuisse,
1170 1627 1240 1697 quod
1259 1628 1392 1682 Brauuius

277 1717 376 1787 posuit,
395 1731 482 1785 nuper
499 1717 528 1770 F.
547 1718 603 1772 Leo
623 1717 659 1788 [in
679 1717 748 1772 Mus.
767 1717 852 1772 Rhen.
871 1717 921 1773 vol.
934 1719 968 1772 38
986 1732 1009 1772 a.
1028 1733 1053 1785 p.
1067 1715 1201 1771 ert-aet
1220 1715 1280 1783 ,Dte
1302 1715 1392 1768 Ueter-

276 1805 495 1872 lieferuuqeqeacb.
523 1805 570 1858 der
597 1806 698 1858 Teresia.
723 1805 866 1856 Kombda'eu
887 1804 943 1856 aad
967 1804 1013 1856 der
1034 1801 1199 1854 Kommeatar
1221 1801 1266 1853 dea
1288 1801 1391 1853 Deuot‘

276 1889 450 1958 comprobare
474 1889 589 1957 studuit,
614 1891 660 1958 qni
679 1906 748 1958 quae
766 1889 836 1945 ratio
855 1889 926 1943 inter
943 1890 1042 1944 Donati
1060 1892 1238 1943 commentum
1258 1892 1286 1941 et
1303 1903 1392 1942 recen·

277 1978 377 2031 sionem
390 1975 515 2045 Calliopii
529 1976 716 2040 intercederet,
729 1976 862 2044 quaesivit
899 1978 989 2045 Atque
1008 1969 1077 2044 qn'ae
1095 1974 1236 2042 indagasse
1255 1972 1304 2027 sibi
1323 1973 1393 2030 viem

278 2068 335 2125 est,
354 2063 386 2116 iis
405 2078 475 2130 quae
492 2061 580 2116 adhuc
598 2061 668 2116 inter
686 2078 776 2118 omnes
795 2066 975 2116 conuenerant
992 2061 1072 2129 plane
1091 2059 1196 2115 diversa
1215 2064 1242 2112 et
1260 2059 1394 2114 contraria

278 2154 353 2220 sunt;
375 2165 435 2202 uam
455 2148 614 2217 calliopium
631 2155 723 2204 censet
741 2153 777 2218 (p.
797 2152 855 2213 325,
875 2151 936 2216 347)
954 2147 1098 2220 editionem
1117 2147 1254 2217 paravisse
1271 2145 1306 2199 ad
1324 2145 1394 2200 codi-

279 2249 337 2288 cem
351 2235 483 2304 quendam
495 2235 623 2290 Bembino
636 2241 725 2291 aetate
744 2236 921 2305 superiorem3
938 2251 1017 2304 quam
1036 2235 1178 2290 editionem
1198 2239 1318 2290 secutum
1337 2250 1394 2289 esse

277 2320 412 2375 Donatum
431 2322 458 2374 in
477 2321 665 2377 commentario
684 2338 746 2384 suo;
765 2321 1004 2390 Umpfenbachium
1024 2322 1133 2376 enimsi
1152 2335 1296 2389 sequamur
1314 2335 1394 2391 quaa·

279 2407 389 2462 rendum
409 2423 475 2478 esse,
494 2409 564 2463 unde
582 2409 689 2463 tandem
706 2409 758 2462 nisi
776 2423 810 2461 ex
822 2407 944 2477 Calliopii
962 2407 1117 2462 recensione
1136 2406 1257 2462 Donatus
1275 2406 1393 2462 didasca-

280 2494 343 2562 lias,
367 2509 433 2562 quas
456 2495 549 2550 eodem
573 2493 651 2549 modo
669 2510 722 2564 quo
741 2493 889 2563 calliopius
905 2495 1046 2563 praebeat,
1067 2493 1252 2562 exscripserit,
1270 2491 1395 2563 qnoniam

280 2580 486 2634 commentarius
498 2580 532 2634 ad
543 2579 661 2635 codicem
679 2579 819 2647 quendam,
838 2596 890 2634 non
909 2585 1004 2635 contra
1021 2579 1055 2634 ad
1073 2579 1291 2633 commentarium
1310 2579 1395 2634 codex

280 2667 417 2735 adplicare
431 2681 458 2720 se
472 2665 564 2721 soleat.
595 2667 647 2720 Sed
660 2673 722 2721 utut
734 2680 777 2719 res
789 2681 818 2720 se
830 2666 920 2733 habet,
938 2664 972 2720 ad
989 2671 1106 2720 nostram
1125 2662 1317 2735 quaestionem
1328 2664 1396 2720 haec

283 2751 380 2804 nullius
404 2752 530 2805 momenti
554 2751 630 2804 nohis
654 2750 779 2805 ridentur
796 2765 867 2808 esse:
887 2767 947 2805 nam
966 2756 997 2806 ut
1014 2751 1160 2821 calliopius
1179 2757 1243 2806 ante
1260 2752 1396 2806 Donatum

281 2835 387 2905 vixerit,
409 2843 499 2892 tamen
518 2853 552 2892 ex
571 2853 611 2904 eo,
629 2837 701 2907 quod
719 2837 788 2891 alter
806 2839 894 2892 exitus
911 2838 938 2891 in
957 2837 1093 2893 codicibus
1112 2837 1139 2892 c.
1159 2837 1191 2892 R.
1210 2852 1263 2891 non
1281 2837 1397 2908 scriptus

282 2931 337 2985 est,
356 2938 409 2978 non
432 2925 565 2992 sequitur:
589 2923 748 2992 calliopium
768 2939 827 2979 eum
846 2940 898 2979 non
922 2925 1026 2978 novisse
1050 2931 1078 2978 et
1101 2939 1162 2978 eum
1185 2943 1221 2994 ,eo
1243 2925 1313 2992 qaod
1328 2926 1396 2978 inter

286 3008 436 3075 calliopium
448 3019 471 3063 et
484 3011 614 3061 Donatum
625 3011 656 3061 sit
668 3011 888 3076 temporiaapatio‘
908 3011 1036 3079 scriptum
1054 3023 1126 3082 esse3
1146 3011 1192 3066 sed
1211 3016 1319 3081 poterat
1337 3027 1396 3066 eum

282 3095 403 3150 omittere
422 3099 574 3163 propterea,
593 3083 665 3162 qnod
683 3095 709 3148 in
728 3095 904 3150 deterioribus
922 3097 995 3150 libris
1014 3112 1073 3151 cum
1093 3099 1221 3167 seriptum
1240 3097 1347 3152 videbat
1364 3129 1397 3137 -

282 3178 353 3248 quod
364 3181 434 3234 idem
453 3180 532 3233 etiam
546 3181 667 3235 Donatus
686 3179 716 3241 V,
733 3185 762 3233 14
781 3180 892 3235 adnotat
911 3199 937 3234 a.
954 3183 1019 3236 ..1ιὲ
1036 3201 1122 3236 aereus
1139 3187 1167 3246 ia
1183 3184 1302 3250 plurimis
1319 3201 1398 3236 eccm·

282 3266 399 3331 pluritas
412 3269 482 3320 bouis
494 3286 546 3319 noo
557 3269 724 3332 inferantur«
744 3298 777 3308 -
796 3283 855 3322 enm
869 3270 951 3322 ceteri
964 3285 1055 3324 omnes
1067 3275 1095 3324 et
1112 3271 1226 3325 mamma
1243 3270 1275 3337 is,
1293 3283 1327 3323 ex
1345 3285 1398 3338 quo

281 3354 425 3408 Bembinus
451 3355 586 3409 derivatus
611 3360 683 3422 erat,
710 3369 842 3424 quemque
866 3370 926 3408 eum
944 3355 1097 3411 adhibuisse
1116 3356 1172 3410 Leo
1191 3355 1256 3424 vult,
1275 3371 1398 3411 amenum

279 3456 332 3494 non
351 3442 518 3508 praeberent
554 3441 657 3495 Deinde
677 3440 698 3494 si
717 3440 756 3494 ita
773 3447 846 3495 asset
862 3441 957 3496 merito
975 3443 1145 3505 miraremur,
1165 3456 1218 3510 qua
1236 3442 1344 3497 tandem
1366 3442 1399 3498 de

281 3541 362 3580 cansa
376 3527 426 3581 iste
440 3527 481 3580 vir
499 3527 602 3595 doctas,
621 3541 699 3596 quem
718 3526 819 3582 exitum
837 3529 1016 3597 composuisse
1035 3529 1168 3583 Braunins
1183 3534 1273 3607 putat,
1291 3543 1351 3582 eum
1370 3529 1396 3581 in

281 3611 348 3666 libro
374 3613 514 3668 deterioris
537 3619 618 3668 notae
637 3613 779 3683 scriberet,
797 3629 850 3669 non
868 3615 895 3668 in
914 3615 982 3670 libro
1000 3617 1030 3670 c.
1048 3615 1073 3670 R
1088 3655 1095 3682 ,
1113 3630 1182 3686 quae
1201 3621 1257 3670 tam
1276 3615 1298 3668 si
1317 3615 1397 3669 etiam

281 3703 403 3756 Donatus
416 3702 449 3755 ad
467 3717 524 3756 eam
543 3702 760 3756 commentarium
779 3715 855 3755 sunm
873 3701 1000 3757 instruxit
1018 3701 1089 3770 apud
1108 3717 1199 3756 omnes
1217 3703 1244 3755 in
1263 3716 1313 3756 usu
1331 3707 1398 3756 erat

282 3787 349 3840 Tum
375 3802 435 3841 mea
459 3786 566 3856 quidem
585 3787 718 3841 sententia
735 3801 845 3856 prorsus
862 3802 915 3841 non
934 3787 1072 3856 probabile
1091 3786 1204 3855 ridetur,
1223 3788 1324 3842 exitum
1343 3793 1398 3842 mm

282 3875 375 3944 paucis
397 3874 487 3942 annia,
505 3873 551 3941 qui
568 3873 688 3928 Brauuio
706 3874 795 3928 iudice
812 3874 883 3928 inter
900 3874 1061 3943 calliopium
1080 3879 1107 3928 et
1125 3876 1259 3930 Donatum
1278 3879 1353 3942 sunt,
1372 3880 1400 3927 et

282 3966 369 4017 ortum
386 3965 414 4014 et
434 3960 461 4013 in
479 3959 600 4028 margine
618 3959 745 4027 scriptum
764 3973 822 4013 esse
840 3965 868 4013 et
884 3959 936 4014 iam
955 3961 982 4014 in
1001 3966 1103 4016 textum
1122 3962 1309 4016 nonnullorum
1328 3959 1399 4015 codi-

282 4064 342 4103 cum
360 4047 472 4110 venissa
487 4045 538 4126 ubi
550 4047 671 4100 Donatus
690 4061 751 4100 eum
770 4046 897 4114 scriptum
916 4045 990 4100 vidit.
1017 4046 1140 4116 Denique
1158 4046 1211 4102 hoc
1228 4061 1334 4116 quoque
1352 4045 1398 4100 ali·

282 4132 613 4204 qnidoffensionishabet,
626 4132 731 4201 quodsi
745 4131 891 4201 calliopius
909 4137 998 4187 aetate
1015 4132 1090 4200 prior
1107 4146 1187 4200 quam
1199 4132 1321 4188 Donatus
1338 4131 1398 4199 luit,

236 4272 239 4277 .
282 4227 336 4276 mm
362 4220 467 4276 demum
492 4221 576 4276 multo
594 4226 656 4288 post
673 4234 735 4274 eum
754 4219 842 4274 exitus
859 4219 886 4272 in
905 4217 1010 4272 codices
1028 4217 1155 4287 quosdam
1176 4218 1220 4284 (cl.
1239 4216 1315 4272 codd.
1333 4235 1357 4286 r.
1376 4217 1399 4270 δ.

283 4325 304 4360 ε.
325 4322 406 4376 supra
423 4325 450 4376 p.
466 4311 572 4377 ltaqq)
591 4307 648 4360 eius
666 4305 828 4360 recensionis
847 4304 958 4359 uenerit.
