3200 5028
258 983 481 1087 Quomodo
513 986 764 1070 emendatus
796 987 852 1070 sit
882 985 953 1067 hic
986 984 1092 1068 alter
1123 986 1260 1070 exitus

588 1189 614 1242 a
641 1157 743 1242 viris
776 1157 925 1242 doctis.

284 1391 363 1457 Cum
392 1410 479 1470 vero,
509 1393 694 1474 priusquam
723 1392 762 1457 de
790 1392 838 1457 his
866 1391 1007 1457 versibus
1038 1398 1158 1458 certum
1183 1391 1316 1473 proferri

199 1496 300 1577 possit
320 1496 482 1575 iudicium,
505 1495 574 1577 ipsa
596 1496 692 1562 verba
712 1496 887 1562 necessario
911 1495 1104 1560 emendanda
1126 1497 1202 1574 sint,
1226 1495 1257 1560 in
1280 1515 1317 1560 ea

199 1617 233 1663 rc
247 1617 393 1680 magnam
416 1616 542 1680 operam
557 1600 616 1665 viri
632 1600 716 1664 docti
735 1601 973 1666 collocaverunt.
1012 1597 1073 1664 Sed
1093 1599 1170 1682 mihi
1192 1598 1317 1680 quidem

200 1702 335 1783 genuina
356 1701 447 1766 lectio
474 1703 560 1767 nullo
590 1703 682 1768 modo
710 1703 835 1768 videtur
856 1721 948 1784 posse
970 1702 1103 1779 restitui,
1127 1702 1201 1784 quia
1222 1702 1319 1768 verba

199 1805 291 1870 nimis
306 1804 479 1886 depravata
497 1810 529 1870 et
550 1805 697 1870 mutilata
718 1810 814 1887 atque
837 1805 961 1870 omnino
984 1803 1029 1868 ita
1051 1804 1168 1884 scripta
1190 1810 1265 1868 sunt
1286 1805 1318 1867 in

201 1908 374 1986 codicibus,
405 1913 442 1972 ut
470 1908 609 1990 intellegi
631 1915 797 1990 nequeant.
841 1906 1000 1972 Nonnulla
1021 1906 1132 1988 igitur,
1156 1925 1237 1989 quae
1259 1907 1318 1972 viri

200 2011 284 2076 docti
314 2011 525 2089 conieocrrmt,
556 2010 615 2076 etsi
644 2009 685 2075 ad
704 2009 891 2076 sententiam
913 2008 1082 2073 verborum
1104 2008 1318 2089 exponendam

200 2117 232 2179 et
264 2114 477 2196 explicandam
509 2113 679 2194 plurimum
707 2113 828 2191 valent,
857 2117 963 2177 tamen
985 2130 1002 2176 e
1024 2117 1135 2193 poetae
1163 2111 1317 2191 manibus,

199 2201 388 2298 quicumque
402 2216 455 2282 ille
469 2215 538 2294 fuit,
562 2217 715 2299 prodiisse
736 2236 799 2282 non
820 2216 962 2299 putanda
983 2222 1065 2296 sunt,
1089 2217 1163 2298 quia
1184 2236 1246 2282 non
1269 2235 1318 2282 co

200 2319 303 2385 dicum
333 2321 464 2403 vestigia
486 2323 585 2388 secuti
608 2322 663 2388 sed
686 2341 742 2388 suo
765 2323 899 2404 quisque
919 2320 1042 2402 ingenio
1066 2319 1212 2384 commoti
1234 2325 1316 2384 sunt.

201 2421 282 2500 Quid
311 2423 408 2505 igitur
435 2426 549 2490 mirum
578 2425 604 2489 si
633 2425 717 2490 viros
745 2425 853 2490 doctos
876 2423 994 2489 dehoc
1016 2421 1102 2487 exitu
1124 2422 1316 2487 emendando

200 2524 290 2590 valde
305 2524 427 2592 diverse
442 2527 611 2592 sentientes
634 2525 797 2591 videmus?
818 2525 905 2591 velut
919 2524 1106 2590 Ritsohelius
1116 2525 1152 2607 ¹⁹)
1168 2525 1317 2590 Bothium

200 2632 232 2692 et
253 2627 445 2693 Grauertmn
467 2629 630 2707 iudicavit,
659 2629 841 2712 procudisse
862 2648 924 2694 non
946 2627 1038 2692 modo
1060 2626 1200 2693 inficetos
1222 2629 1317 2694 versi·

200 2730 285 2796 culos
314 2736 346 2796 et
374 2733 423 2798 vel
452 2734 599 2799 mediocri
626 2738 721 2816 poeta
741 2734 898 2816 indignos,
922 2732 977 2798 sed
999 2733 1094 2798 etiam
1116 2751 1136 2797 a
1157 2733 1264 2816 lingna
1286 2739 1318 2799 et

199 2837 337 2900 numeris
367 2842 399 2900 et
427 2838 583 2902 sententia
611 2838 741 2904 vitiosos
769 2843 801 2903 et
828 2857 866 2902 ex
891 2841 982 2918 purte
1004 2855 1076 2901 vere
1097 2835 1258 2915 barbaros
1282 2843 1318 2901 ut

200 2941 305 3001 actmn
334 2957 410 3004 sane
432 2945 515 3005 essct
537 2940 576 3005 de
598 2958 746 3005 versuum
768 2938 956 3020 antiquitate
978 2956 1035 3002 nec
1058 2943 1142 3002 esset
1163 2939 1248 3019 quod
1270 2939 1319 3004 vel

200 3040 358 3105 tantillum
374 3060 487 3123 operae
502 3044 532 3106 in
549 3043 588 3108 iis
607 3047 786 3124 poneretur,
809 3041 835 3107 si
858 3061 896 3107 ea
916 3041 1050 3122 pristina
1072 3040 1196 3105 illomm
1218 3041 1318 3107 forma

198 3139 318 3220 fuisset,
341 3163 436 3226 quam
451 3145 645 3212 instaurasse
664 3145 708 3210 illi
731 3146 789 3211 viri
811 3146 870 3211 sibi
892 3146 950 3211 visi
973 3150 1084 3211 essent.
1121 3146 1226 3227 Atque
1247 3165 1318 3211 cum

199 3245 396 3325 Ritschelius,
414 3247 605 3330 Spengelins
629 3249 681 3314 alii
697 3268 806 3315 versus
826 3249 1008 3330 praedicent
1029 3267 1097 3314 esse
1118 3267 1191 3313 vere
1206 3249 1319 3314 Teren·

200 3348 311 3426 tianos,
334 3350 533 3434 Dniatzkoffl)
557 3352 724 3418 dictionem
739 3372 853 3436 magna
868 3373 905 3418 ex
926 3358 1017 3435 parte
1039 3352 1200 3434 vulgarem
1223 3358 1317 3435 atque

199 3447 388 3532 farraginem
417 3453 576 3534 quandam
604 3454 771 3519 verborum
800 3455 948 3519 tritorum
977 3473 1046 3520 esse
1075 3454 1206 3533 iudicat,
1237 3475 1317 3536 quae

199 3553 316 3634 partim
347 3555 477 3620 meliora
502 3557 619 3647 partim
651 3558 793 3640 vulgaria
821 3565 854 3625 et
883 3558 967 3623 omni
996 3557 1152 3639 elegantia
1180 3560 1318 3625 carentia

199 3655 368 3720 admodum
381 3656 556 3739 impolitam
571 3663 603 3723 et
617 3659 709 3741 plane
724 3660 834 3725 rudem
849 3660 964 3742 ingenii
979 3660 1111 3725 formam
1134 3659 1315 3742 significent.

284 3759 515 3843 Riucneliusffl)
546 3763 612 3828 sine
642 3762 736 3828 dubio
765 3768 850 3829 recte
878 3769 972 3846 putat
993 3763 1072 3829 duas
1095 3784 1145 3829 res
1167 3764 1316 3832 tenendas

198 3880 268 3927 esse
281 3861 313 3925 in
328 3863 529 3929 emendandis
543 3864 592 3929 his
612 3863 762 3942 versibus,
785 3865 869 3930 unde
890 3871 1052 3946 tamquam
1075 3885 1093 3930 a
1114 3865 1317 3933 hmdamento

198 3963 351 4046 proficisci
373 3966 550 4033 debeamus.
591 3968 727 4032 Primum
748 3969 830 4033 enim
853 3974 992 4050 apparet,
1016 3969 1049 4033 id
1070 3969 1152 4035 inter
1172 3970 1317 4052 Pamphi-

198 4065 273 4145 lum,
297 4065 501 4149 Chremetem,
525 4067 703 4149 Charinum,
726 4071 849 4137 Davum
876 4071 936 4152 agi,
959 4077 996 4137 ut
1018 4072 1164 4140 Chremes
1187 4092 1206 4137 a
1227 4074 1316 4138 Pam·

270 4307 303 4378 1⁹)
322 4307 336 4360 ι,
356 4307 372 4360 l.
391 4325 418 4378 p.
430 4310 488 4364 587.
591 4309 626 4375 ²⁰)
644 4308 662 4364 l.
681 4310 697 4364 l.
714 4325 740 4377 p.
753 4312 811 4364 235.
914 4311 950 4378 ²¹)
969 4311 984 4364 Ι.
1004 4311 1020 4366 l.
1039 4329 1065 4382 p.
1077 4316 1135 4368 558.
