3200 5028
831 369 871 432 24

375 572 420 637 Ac
437 572 475 636 de
489 572 603 654 plurali
615 592 745 638 numero
758 576 928 658 ,prolopcs‘
945 575 1005 638 iam
1023 572 1140 638 dudum
1153 574 1207 638 Th.
1220 573 1409 656 Benfeiusffl)

293 681 377 741 recte
392 682 502 740 contra
517 676 769 742 Westerhovium
789 677 969 758 disputavit,
992 696 1062 740 cum
1085 677 1210 754 diceret,
1233 696 1296 741 non
1318 696 1409 758 posse

291 779 393 860 colligi
416 799 452 844 ex
475 780 528 844 illo
551 798 681 844 numero
703 779 832 861 plurali,
860 779 923 843 iam
945 784 1018 842 ante
1039 779 1190 844 Andriam
1211 780 1318 860 plures
1340 798 1410 860 pro·

292 884 379 966 logos
397 888 492 964 atque
508 883 602 947 etiam
617 882 739 948 fabulas
755 884 916 965 scripsisse
932 883 1119 959 Terentium,
1143 883 1198 950 sed
1219 884 1409 965 plurativum

291 1005 457 1052 numerum
473 986 511 1051 de
527 986 620 1052 rebus
636 987 775 1052 molestis
797 995 892 1069 atque
912 987 1043 1067 ingratis
1066 987 1098 1049 in
1120 1006 1180 1051 usu
1203 1007 1280 1065 esse,
1304 1006 1410 1068 quam-

290 1109 384 1171 quam
414 1090 452 1153 de
481 1108 599 1154 unare
622 1090 821 1172 agarenum).
866 1089 1016 1155 Similiter
1044 1109 1101 1154 nos
1124 1109 1262 1172 quoque,
1286 1090 1409 1172 siquid

290 1193 379 1257 nobis
402 1192 568 1256 molestum
586 1197 642 1270 est,
667 1193 769 1258 dicere
791 1194 926 1258 solemus
950 1193 1018 1270 ‚mit
1037 1192 1153 1256 cubico
1176 1194 1300 1271 Diaqea
1321 1216 1406 1256 mass

289 1319 363 1359 maa
393 1297 476 1360 seiae
498 1295 569 1359 Zeit
598 1295 847 1374 coacdweadea‘,
877 1296 1000 1361 etiamsi
1023 1296 1061 1360 de
1083 1316 1201 1361 unare
1224 1299 1405 1378 cogitamus.

292 1399 439 1463 Ceterum
466 1399 549 1464 huno
579 1399 700 1464 dicendi
729 1419 847 1465 morem
877 1419 938 1464 non
960 1399 1146 1464 inusitatum
1167 1399 1263 1465 fuisse
1286 1399 1409 1464 demon-

292 1509 413 1569 stratur
443 1504 591 1586 exemplis
619 1523 656 1568 ex
677 1504 747 1585 ipsa
767 1504 886 1569 Andria
906 1503 1026 1585 petitis:
1050 1522 1077 1565 v.
1095 1504 1154 1566 891
1173 1508 1205 1568 et
1219 1523 1246 1566 v.
1264 1503 1327 1566 910
1342 1520 1408 1582 sqq.

376 1608 443 1672 lam
458 1608 535 1672 illud
551 1612 599 1672 est
613 1608 785 1672 notandum
802 1607 993 1688 Wagnerum
1009 1605 1112 1687 ipsum
1131 1623 1237 1671 secum
1259 1621 1408 1686 pugnare,

292 1730 363 1775 cum
378 1710 474 1776 verba
488 1711 565 1793 prol.
582 1732 610 1775 v.
628 1712 646 1774 5
669 1711 710 1775 ad
731 1710 876 1792 prologos
900 1709 962 1774 iam
985 1713 1078 1773 antea
1100 1708 1232 1788 scriptos
1254 1707 1410 1789 pertinere

294 1812 386 1891 dicat,
410 1833 448 1878 ex
463 1818 614 1894 quattuor
629 1819 734 1878 autem
748 1812 890 1878 versibus
905 1812 937 1876 in
952 1810 1013 1875 fine
1028 1810 1149 1892 prologi
1164 1809 1197 1874 id
1212 1808 1291 1876 effici
1306 1816 1409 1892 putet:

293 1921 362 1980 tum
378 1916 504 1982 demum
519 1917 698 1981 Terentium
714 1915 754 1979 ad
769 1915 948 1980 scribendos
964 1915 1110 1996 prologos
1126 1934 1194 1980 esse
1218 1933 1409 1995 aggressum,

296 2038 366 2083 oum
389 2019 541 2084 Andriam
570 2023 642 2099 post
663 2019 804 2100 Hecyrae
827 2019 959 2099 primam
982 2019 1135 2082 actionem
1155 2016 1270 2082 iterum
1287 2021 1409 2104 ageret.

293 2123 463 2186 Praeterea
497 2121 806 2186 animadvertendum
839 2126 902 2198 est,
936 2121 1013 2185 nihil
1041 2120 1074 2185 in
1102 2121 1231 2202 prologo
1259 2121 1411 2185 interesse

294 2225 376 2288 inter
406 2225 612 2305 praeteritum
641 2223 799 2305 quoddam
821 2229 853 2289 et
874 2243 1021 2306 praesens
1043 2228 1182 2303 tempus,
1206 2222 1291 2305 quod
1312 2221 1412 2286 voluit

295 2328 470 2409 Wagnerus
501 2328 544 2412 [p.
562 2330 616 2391 77:
647 2325 742 2412 ,qaod
769 2349 869 2412 nuper
885 2327 1042 2413 fectioni,
1070 2325 1125 2390 sed
1148 2330 1272 2406 poetam
1294 2330 1409 2406 petere,

294 2436 330 2495 ut
345 2436 537 2512 spectatores
552 2451 590 2495 ex
612 2431 669 2495 hac
692 2429 799 2495 tabula
822 2430 860 2495 de
883 2431 936 2506 eis,
960 2449 1038 2511 quas
1060 2430 1201 2494 facturus
1225 2430 1275 2507 sit,
1297 2428 1410 2494 fabulis

296 2535 506 2600 coniecturam
535 2533 652 2599 faciant
673 2539 705 2599 et
728 2534 768 2598 ad
790 2533 848 2598 hoc
869 2533 1017 2598 iudicium
1042 2538 1097 2598 aut
1118 2532 1257 2597 favorem
1279 2537 1335 2596 aut
1355 2531 1411 2595 ini-

295 2639 448 2719 quitatem
464 2637 653 2719 dirigantilb.
686 2636 772 2714 Quae
787 2637 853 2701 sine
870 2636 964 2700 dubio
979 2641 1073 2717 poeta
1086 2638 1194 2716 petere
1213 2654 1275 2699 non
1297 2635 1409 2715 potuit
1436 2661 1438 2667 ⁸

295 2741 322 2805 si
345 2740 464 2805 Andria
493 2740 614 2804 actione
641 2740 704 2804 iam
726 2745 801 2804 nota
822 2739 946 2818 fuisset3
973 2739 1067 2803 immo
1090 2757 1163 2802 vero
1186 2744 1254 2803 tum
1277 2738 1411 2803 adeum

296 2862 466 2924 provocare
482 2843 616 2908 debebat
630 2842 784 2923 plausum,
808 2861 870 2923 quo
885 2843 948 2906 iam
963 2843 994 2907 in
1009 2842 1111 2924 prima
1133 2843 1254 2907 actione
1275 2840 1412 2906 fabulam

296 2950 401 3012 essent
429 2944 595 3027 prosecuti.
640 2946 684 3009 At
704 2945 823 3009 Andria
852 2963 977 3026 quoque
1000 2964 1070 3009 cum
1092 2945 1228 3026 primum
1250 2945 1411 3025 agebatur,

297 3050 379 3114 siout
392 3049 524 3130 Hecyra,
549 3053 658 3112 exacta
677 3047 794 3130 est⁶¹)!:
818 3048 897 3113 hanc
920 3067 1047 3112 causam
1069 3048 1257 3113 levissimam
1279 3067 1348 3112 esse
1369 3046 1413 3112 fa·

297 3152 354 3215 cile
369 3150 535 3232 probatum
558 3149 763 3228 nequeenim
787 3148 870 3213 credi
892 3153 1005 3230 potest,
1029 3156 1156 3231 poetam
1176 3156 1249 3233 post
1262 3149 1413 3215 Andriam

298 3260 329 3320 et
351 3255 507 3337 Hecyram
536 3255 660 3316 exactas
688 3251 803 3315 iterum
824 3251 929 3331 potius
951 3251 1102 3317 Andriam
1123 3255 1156 3317 in
1177 3271 1322 3318 scaenam
1343 3271 1414 3334 pro·

299 3357 432 3434 duxisse,
457 3359 603 3436 quamut
617 3372 730 3417 novam
747 3353 880 3430 doceret,
904 3372 967 3433 qua
981 3360 1193 3435 spectatorum
1214 3357 1333 3420 animos
1355 3354 1414 3420 sibi

298 3459 486 3524 conciliaret.
523 3458 693 3522 Praeterea
706 3454 792 3518 nullo
808 3459 899 3536 pacto
916 3455 982 3520 fieri
997 3459 1110 3545 potuit,
1133 3459 1208 3539 quin
1223 3462 1317 3540 poeta
1338 3458 1415 3522 illud

298 3564 331 3627 in
349 3562 478 3644 prologo
494 3558 698 3641 indicaretffl).
732 3559 861 3624 Accedit
875 3558 959 3639 quod
973 3559 1168 3627 Phormionis
1183 3562 1260 3643 prol.
1277 3583 1305 3627 v.
1323 3564 1413 3644 31sq.

371 3767 407 3832 ⁵8)
424 3766 451 3820 in
469 3766 552 3834 praef.
573 3766 663 3820 transl.
683 3782 799 3834 german.
920 3768 954 3836 ⁵⁹)
973 3767 1100 3822 Similiter
1117 3768 1239 3823 Klotaius
1257 3770 1274 3822 1.
1292 3770 1308 3822 l.
1328 3785 1353 3838 p.
1376 3773 1412 3825 18.

304 3852 363 3905 adn.
383 3852 425 3906 ad.
444 3851 511 3920 prul.
531 3868 553 3904 v.
567 3858 592 3906 ὀ.
623 3851 657 3908 ci.
675 3851 820 3906 Daiatzlro:
839 3854 872 3907 de
890 3853 956 3920 prol.
974 3853 1060 3907 Plaut.
1080 3859 1107 3908 et
1124 3855 1184 3908 Ter.
1205 3860 1307 3922 quaest.
1325 3854 1416 3909 select.

302 3938 379 3991 Bonn
400 3941 472 3992 1863.
508 3953 534 4006 p.
548 3941 572 3990 2.
597 3937 657 3992 adu.
684 3937 718 3991 H.
736 3938 944 3992 Paeclrelmann:
969 3939 1002 3994 de
1026 3939 1118 3993 urdine
1136 3939 1196 3994 Ter.
1216 3939 1268 3995 tab.
1286 3941 1415 4010 potissim.

301 4023 368 4092 prol.
383 4023 472 4076 adhib.
496 4023 559 4076 Hal.
575 4023 646 4079 1875.
666 4040 691 4091 p.
707 4027 744 4077 12.
814 4024 850 4092 ⁶⁰)
868 4025 901 4077 cf.
914 4023 1046 4079 Daiatalro
1064 4025 1091 4079 in
1104 4026 1174 4079 Mus.
1186 4025 1270 4080 Rhen.
1293 4027 1350 4080 XX.
1363 4026 1414 4082 vol.

301 4125 327 4177 p.
340 4110 444 4176 579180.
481 4108 668 4163 ci.vol.XX1.
696 4125 721 4178 p.
735 4113 775 4164 65.
811 4110 840 4162 Ο.
860 4108 1013 4178 Brugmann
1032 4111 1058 4162 in
1077 4109 1182 4165 diiudic.
1218 4110 1314 4180 Spong.
1332 4112 1413 4166 Andr.

301 4194 342 4250 ad.
366 4195 394 4248 in
407 4194 536 4249 Fleckeis.
556 4210 615 4248 aun.
643 4196 692 4248 vol.
710 4198 763 4249 113.
783 4201 817 4261 (a.
833 4197 909 4262 1876)
926 4212 951 4264 p.
964 4198 1022 4252 417.
1052 4196 1254 4252 Paoclrelmann.
1272 4198 1288 4251 l.
1300 4197 1317 4251 l.
1336 4213 1362 4266 p.
1377 4198 1416 4252 17.

303 4281 339 4345 ⁶¹)
360 4280 446 4334 Klotz.
466 4279 483 4333 l.
495 4279 511 4332 l.
530 4295 555 4347 p.
568 4282 592 4336 7.
611 4280 671 4333 adn.
687 4283 723 4334 18.
743 4285 823 4348 p.13.
892 4281 928 4348 62)
946 4281 1084 4337 Daiatalro.
1099 4289 1200 4349 quaest.
1219 4283 1263 4337 sel.
1282 4287 1338 4352 pn
1355 4284 1415 4338 adn.
