3200 5028
861 368 899 430 18

322 591 383 654 que
398 573 514 637 exitum
535 573 720 652 coniungere
742 576 872 636 conatus
894 576 926 636 et
947 575 1069 652 partem
1091 589 1200 636 versus
1225 575 1433 638 1401101010

322 694 349 740 v.
369 678 406 739 15
430 675 477 759 [10
497 676 590 738 Dave
609 712 643 721 —
662 676 708 758 eo]
731 676 857 754 deleret,
881 695 959 757 quos
982 694 1091 740 versus
1113 676 1216 740 locum
1237 677 1352 744 habere
1368 691 1434 742 ’000

321 798 413 860 posse
427 779 588 856 intellexit,
604 779 678 860 quia
692 780 824 857 Davum,
845 779 872 843 si
888 778 995 844 fabula
1009 778 1146 843 nondum
1161 778 1312 857 finiretur,
1334 778 1436 844 facere

321 901 403 963 quae
429 883 534 947 iussus
561 887 643 960 erat,
672 883 838 964 oportebat
859 883 878 946 i.
895 903 921 948 e.
945 883 1039 946 abire.
1089 882 1200 962 ltaque
1228 901 1298 948 cum
1326 887 1436 964 postea

321 986 353 1049 in
375 983 488 1051 scaena
509 985 641 1064 adesset,
665 986 761 1052 verba
781 985 835 1050 illa
857 985 989 1051 delenda
1009 987 1138 1051 censuit.

405 1088 579 1170 Eugraphii
600 1090 695 1154 codex
717 1089 842 1155 videtur
863 1091 1033 1169 interiisse,
1055 1109 1156 1171 neque
1178 1089 1259 1154 enirn
1281 1089 1379 1153 ullum
1402 1088 1436 1152 li-

322 1190 414 1255 brum
429 1211 467 1256 ex
482 1211 518 1257 eo
533 1211 676 1257 manasse
692 1193 850 1274 cognitum
865 1193 1025 1272 habemus,
1048 1193 1079 1256 in
1102 1211 1164 1273 quo
1187 1193 1288 1257 exitus
1310 1210 1347 1256 eo
1369 1191 1435 1255 loco

321 1293 458 1359 insertus
480 1294 584 1374 fuerit,
608 1314 669 1377 quo
692 1297 724 1359 in
747 1296 800 1360 illo
822 1296 926 1362 codice
948 1296 1120 1378 legebatur.

407 1396 535 1462 Codices
558 1422 585 1479 γ,
602 1399 630 1476 ὃ,
652 1421 669 1460 ε
690 1398 874 1479 prodierunt
903 1419 940 1464 ex
969 1418 1031 1464 uno
1060 1399 1231 1479 eodemque
1258 1398 1435 1481 archetypo,

322 1498 406 1579 quod
435 1498 541 1563 littera
560 1501 588 1564 V
608 1507 767 1580 notamus,
798 1504 885 1568 cuius
915 1503 1049 1584 scriptor
1076 1519 1146 1566 cum
1167 1501 1304 1567 codicem
1327 1500 1437 1566 Gallio

322 1601 433 1681 pianae
460 1601 648 1668 recensionis
671 1603 861 1670 describeret
883 1611 1006 1671 etcum
1028 1604 1107 1669 libro
1130 1604 1233 1685 aliquo
1256 1605 1288 1668 in
1309 1603 1435 1668 modurn

322 1704 605 1784 manuscriptorum
627 1731 646 1766 0
662 1707 733 1789 01β
754 1707 835 1773 10010
858 1712 1066 1790 compararet,
1094 1707 1197 1788 priore
1219 1708 1304 1771 exitu
1327 1706 1436 1772 Gallio

322 1805 433 1886 pianae
447 1808 634 1874 recensionis
650 1810 789 1890 neglecto
805 1812 872 1893 ipse
887 1830 1011 1893 quoque
1034 1810 1146 1875 delevit
1168 1829 1196 1872 v.
1215 1810 1253 1872 15
1269 1815 1301 1874 et
1315 1815 1433 1890 partcrn

252 1973 256 1984 ,
322 1928 350 1972 v.
370 1911 408 1972 14
424 1915 456 1975 01
477 1911 674 1991 subscripsit:
708 1911 896 2000 ,Galliopiaa
919 1915 1089 1995 recensata
1113 1912 1224 1978 deinde
1239 1913 1432 1996 transcripsit

322 2010 354 2073 in
377 2029 467 2075 suum
491 2030 529 2075 ex
551 2012 603 2075 illo
627 2011 730 2077 codice
752 2033 864 2079 novam
886 2033 1040 2079 scaenam.

408 2113 457 2177 Ex
484 2114 542 2178 hoc
571 2113 739 2197 archetypo
755 2116 783 2179 V
797 2123 1003 2182 manaverunt
1030 2121 1141 2198 postca
1168 2117 1230 2181 duo
1257 2117 1437 2199 apographa

323 2215 375 2282 W1
391 2223 423 2281 et
438 2215 500 2282 Wa.
545 2217 581 2281 ln
610 2217 689 2282 libro
712 2217 764 2284 W1
780 2219 879 2283 additi
901 2226 992 2284 erant
1013 2220 1075 2284 duo
1097 2221 1141 2284 llli
1163 2220 1333 2285 hexametri
1356 2218 1436 2301 (dul-

227 2369 229 2374 .
323 2321 372 2382 cia
394 2343 417 2382 e.
434 2343 463 2405 q.
478 2319 517 2401 a.)
547 2326 603 2384 aut
625 2321 785 2402 scriptoris
807 2340 901 2385 manu
924 2327 980 2387 aut
1001 2342 1096 2387 manu
1118 2323 1269 2388 secunda:
1293 2321 1333 2386 ad
1355 2321 1436 2385 hunc

323 2421 438 2486 librum
460 2421 613 2486 referendi
635 2427 709 2486 sunt
731 2423 818 2487 codd.
836 2447 854 2505 γ
870 2429 902 2489 01
916 2423 944 2486 ὃ.

410 2523 560 2604 Scriptori
576 2524 689 2589 codicis
705 2547 721 2588 ε
736 2526 842 2606 plures
856 2533 982 2608 praesto
1002 2526 1099 2593 fuisse
1120 2528 1319 2592 Terentianos
1341 2524 1437 2591 libros

325 2627 423 2704 exiis,
447 2645 528 2708 quae
542 2626 608 2708 ipse
629 2627 767 2705 adnotat,
792 2633 935 2710 apparet;
958 2648 1059 2710 neque
1080 2631 1112 2694 in
1134 2629 1197 2694 ullo
1221 2629 1280 2693 alio
1302 2633 1438 2694 testatur

324 2730 403 2794 libro
431 2749 465 2795 se
486 2729 640 2795 invenisse
661 2730 746 2795 illam
768 2749 912 2796 scaenam
934 2731 993 2796 nisi
1015 2733 1047 2796 in
1069 2733 1279 2798 vetustissimo
1302 2731 1437 2812 quodam

325 2832 442 2910 codice,
476 2832 508 2896 in
539 2851 600 2913 quo
633 2837 705 2914 post
736 2832 909 2914 perfectum
942 2852 1020 2915 opus
1054 2834 1288 2920 ,00000ιί11110ι
1318 2833 1437 2914 1010001,

325 2935 410 3016 quod
435 2935 521 3014 vidit,
546 2954 616 2999 cum
638 2935 733 3000 libros
756 2955 830 3002 suos
853 2955 923 3001 curn
945 2937 997 3001 illo
1021 2939 1064 3016 ,10
1087 2939 1211 3000 0010010ι
1234 2941 1438 3018 compararet,

325 3038 379 3118 qui
408 3038 475 3119 ipse
503 3037 629 3102 fluxisse
657 3038 781 3103 videtur
811 3058 848 3103 cx
870 3037 936 3117 We,
966 3040 997 3103 in
1027 3058 1089 3121 quo
1119 3040 1164 3103 illi
1185 3040 1355 3105 hexametri
1378 3058 1439 3104 000

325 3143 433 3222 scripti
456 3146 557 3206 eraut:
586 3159 658 3204 nam
687 3141 714 3205 si
736 3141 870 3222 scriptor
899 3142 1012 3206 codicis
1028 3164 1044 3203 ε
1059 3160 1112 3207 000
1142 3142 1184 3206 ibi
1207 3142 1349 3220 vidisset,
1373 3141 1439 3206 sine

326 3244 643 3317 (100100001000010
665 3245 821 3326 exemplar
843 3245 1099 3326 transcripsisset,
1123 3245 1269 3326 quoniam
1291 3245 1329 3308 iis
1352 3243 1439 3308 dubi-

326 3349 403 3412 tatio
437 3349 503 3413 eius
537 3344 719 3412 confirmata
752 3354 856 3413 esset
895 3350 942 3413 Ex
975 3349 1033 3413 hoc
1063 3348 1168 3414 codice
1197 3349 1249 3414 Wa
1280 3369 1438 3426 ,scaenam

326 3449 565 3537 superadditam
590 3463 663 3533 post
687 3451 865 3536 perfectam
893 3457 980 3538 0000ι
1011 3453 1030 3516 1.
1054 3472 1079 3517 0.
1108 3455 1180 3533 post
1201 3450 1296 3516 verba
1318 3448 1456 3532 ,Gallio-⁶

323 3555 399 3638 pias
419 3554 572 3616 00000001ι
594 3550 645 3634 (01.
662 3552 798 3618 codicem
813 3554 864 3635 V),
887 3572 982 3635 quam
996 3555 1028 3618 in
1050 3553 1115 3618 suis
1137 3552 1224 3617 libris
1241 3552 1274 3616 C.
1290 3552 1326 3616 R.
1350 3551 1439 3616 omis·

326 3675 393 3720 sam
415 3639 506 3734 uidit,
530 3655 701 3736 exscripsit,
724 3674 786 3719 000
809 3655 942 3720 alterurn
964 3655 1119 3737 quendam
1141 3655 1258 3720 exitum
1280 3653 1438 3719 00110000-

326 3779 398 3823 nam
418 3760 557 3823 additam
579 3777 648 3822 eam
670 3777 738 3823 esse
759 3759 901 3841 ratus³⁵).
945 3758 1187 3824 Interlocutores
1209 3775 1265 3838 per
1287 3773 1438 3832 scaenam,

327 3863 379 3944 qui
402 3862 460 3928 hoc
481 3867 605 3927 tautum
627 3863 658 3927 iu
681 3862 785 3926 codice
801 3885 815 3924 ε
831 3861 939 3943 scripti
960 3866 1043 3940 sunt,
1067 3861 1133 3943 ipse
1154 3860 1288 3926 fortasse
1310 3857 1440 3934 addidit,

326 3970 436 4046 utpote
450 3965 504 4046 qui
519 3966 623 4046 paullo
646 3965 856 4047 scrupulosior
877 3965 988 4030 ceteris
1011 3964 1146 4028 librariis
1169 3963 1313 4029 videatur
1333 3960 1439 4037 luisse,

327 4067 412 4148 quod
440 4072 571 4149 apparet
596 4087 633 4132 ex
660 4068 913 4134 adnotationibus
942 4068 1008 4132 eius
1036 4066 1125 4131 adv.
1149 4069 1181 4129 9:
1205 4064 1443 4144 ,0010001000-

395 4287 430 4358 35)
449 4286 481 4340 01.
501 4286 649 4344 01100134.
